2326 3810
434 182 704 257 numerumn.
825 147 831 163 '

104 338 237 398 Eneetes
252 352 271 397 a
284 336 425 399 leonibus
439 335 580 398 homines
595 338 651 397 ait:

103 422 170 481 Non
186 429 233 485 est
246 422 384 482 aelorum
397 421 579 483 testimoniis
594 437 690 498 0pus;

103 503 160 565 ffle
175 504 335 568 exhibetur
347 520 422 566 vera
435 506 532 566 virtus
547 504 675 566 actibus.

147 590 256 651 Colore
270 591 383 650 frustra
396 589 562 649 mendaces
575 589 618 653 uti
633 589 726 650 doeet
831 608 833 613 ’

102 672 234 750 Fabella,
249 681 332 734 cette
347 689 441 751 quum
455 673 544 734 detur
557 672 708 749 probatio.
834 668 836 671 ’

430 821 608 878 FABULA
620 823 719 879 XXIII.

272 927 439 1011 ucomu,
460 929 589 1011 insen
607 931 657 994 nr
677 930 891 996 noemma.

145 1051 241 1126 Quum
256 1055 360 1109 netum
375 1048 415 1111 ad
429 1054 569 1125 stagnum
583 1049 720 1110 venisset
734 1049 862 1133 emenia,

103 1136 290 1210 Mergentem
304 1133 420 1194 invenit
434 1149 470 1194 se
484 1134 660 1210 frequenter
673 1149 816 1195 anserem

105 1219 168 1281 Sub
182 1216 284 1278 undis.
313 1216 443 1291 Quaerit
459 1232 513 1276 cnr
525 1217 586 1277 hee
601 1218 724 1278 iaceret.
752 1217 806 1277 Ille
820 1216 876 1278 ait=

54 1339 58 1346 -
103 1305 188 1363 Haee
202 1300 393 1361 consuetudo
409 1292 500 1359 nobis
516 1307 607 1361 estet
621 1302 652 1361 in
667 1303 730 1363 luto

103 1385 284 1463 Reperimus
299 1400 412 1457 eseam,
429 1390 459 1444 et
468 1385 624 1464 accipitris
640 1385 730 1446 simui
740 1385 885 1467 impetum

103 1468 261 1531 venienus
276 1469 317 1528 ad
330 1483 388 1528 nos
401 1468 456 1528 tuti
471 1467 516 1527 sie
531 1468 702 1530 evadimus.
837 1462 840 1467 ’

105 1555 177 1616 Sum
192 1554 285 1612 multo
301 1550 446 1629 accipitre
461 1550 576 1624 fortier,
592 1552 712 1612 ciconia

103 1639 170 1709 Ait;
186 1636 348 1697 amicitiam
362 1635 389 1695 si
403 1635 452 1695 vis
466 1650 586 1694 meeum
597 1635 736 1710 jungere,

104 1721 149 1781 Ilii
163 1721 308 1781 insultare
321 1719 421 1779 vietor
434 1719 560 1795 peteris.
591 1717 737 1779 credulus

103 1806 141 1867 Et
153 1805 291 1881 protinus
306 1802 450 1864 auxilium
464 1809 573 1879 petens
589 1818 680 1862 anser
694 1802 781 1862 simul

104 1890 138 1949 ln
152 1905 257 1966 agrum
271 1887 383 1964 prodit.
410 1887 496 1947 illieo
511 1886 688 1962 supervenit

104 1973 259 2049 Accipiter
272 1980 302 2033 et
317 1988 532 2048 comprensum
547 1970 650 2031 saevis
663 1970 815 2048 unguibus

103 2054 250 2132 Fugiente
264 2056 393 2117 devorat
406 2072 548 2117 anserem
562 2055 691 2115 eieonia.

138 2138 191 2200 Cui
206 2155 311 2199 anser=
342 2139 397 2213 Qui
411 2146 541 2215 patrono
557 2153 592 2198 se
606 2145 669 2198 tam
683 2137 776 2198 debili

106 2224 214 2297 Credit,
229 2223 338 2300 pejore
352 2222 431 2283 finiri
446 2221 537 2281 debet
550 2235 636 2280 neee.

432 2369 608 2427 FABULA
628 2366 728 2424 XXIV.

330 2460 541 2553 reunion
560 2462 617 2526 ur
639 2459 821 2524 crunni.

145 2579 261 2641 Hiemis
276 2579 403 2640 formica
416 2587 554 2658 tempore
569 2582 750 2642 frumentum
765 2594 783 2638 e
797 2594 875 2639 eave

103 2666 239 2726 Trahens
254 2664 398 2739 sieeabat,
414 2667 499 2739 quod
512 2666 649 2739 prudens
663 2664 830 2736 eollegerat

102 2753 239 2811 Aestate.
265 2747 412 2808 Esuriens
426 2748 506 2806 Irene
520 2747 636 2820 cicada,
652 2745 768 2819 aliquid
783 2743 869 2804 daret
885 2766 887 2770 ⁴

104 2833 179 2906 Sibi,
193 2829 331 2906 rogabat
358 2829 412 2890 Cui
427 2831 568 2890 formica:
581 2831 708 2890 Aestate
723 2827 797 2904 quid
898 2858 899 2865 κ

103 2916 252 2993 Agebasr
265 2911 371 2988 inquit.
399 2913 470 2986 iliae
485 2914 553 2976 Non
566 2919 632 2975 erat
646 2912 748 2986 utinm,

103 3003 144 3062 Ut
157 3001 197 3060 de
212 3000 311 3058 tuturo
327 2996 492 3072 cogitarem
504 3006 659 3076 temporea

103 3082 250 3146 Errabam
264 3086 390 3141 cantans
405 3097 462 3159 per
474 3099 568 3159 sepes
583 3089 615 3142 et
623 3095 751 3157 pascua.

104 3168 221 3230 Ridens
236 3163 363 3225 innniea
376 3171 407 3226 et
420 3166 601 3226 frumentum
615 3163 775 3223 includens
788 3162 845 3221 ait:
869 3204 872 3209 .

105 3259 230 3312 Aestate
246 3264 325 3325 quae
339 3248 476 3323 eantasii,
489 3265 557 3324 ege,
572 3248 652 3309 salta
664 3246 786 3320 frigore.

145 3334 234 3410 Piger
248 3333 366 3394 laboret
379 3339 463 3393 certo
478 3347 601 3408 semper
613 3337 761 3405 tempere,

106 3418 162 3494 Nes
174 3434 266 3494 quurn
281 3417 323 3478 nii
337 3417 457 3492 habeat,
473 3430 610 3494 poscens
623 3413 754 3490 accipiat
765 3411 850 3473 nihii
