2326 3810
116 193 157 258 10
363 192 535 257 PHAEDRI
555 192 797 298 FABULnRUtt

442 346 618 404 FABULA
637 345 734 401 XXIII.

203 457 276 520 uuo
297 454 433 537 sussex,
455 454 565 535 usn,
587 452 734 517 nnunts
755 451 806 516 nn
825 452 981 557 Istune.-

159 574 338 650 Quiounque
351 571 452 635 amisit
466 570 642 647 dignitatem
655 568 827 647 pristinam,

68 727 72 731 p
118 657 241 734 Ignavis
257 657 348 717 etiam
357 655 450 733 jocus
465 661 514 714 est
526 655 557 713 in
573 669 648 714 casu
662 650 758 728 gravi.

158 739 303 800 Defectus
318 739 405 799 annis
420 744 451 798 et
465 738 604 799 desertus
618 736 734 797 viribus

117 824 180 883 Leo
196 840 288 899 quum
298 822 417 898 jaceret
430 820 570 896 spiritum
583 826 751 880 extremum
764 820 896 894 trahens,
1022 836 1029 843 ·

117 907 203 982 Aper
217 905 368 966 fulmineis
383 903 423 966 ud
436 917 506 965 enm
520 904 604 964 venit
618 902 759 965 dentibus
1048 915 1064 964 ⁵

117 989 155 1048 Et
168 988 335 1048 vindicavit
348 990 409 1049 ictu
422 994 558 1049 veterem
569 987 722 1062 injurium.
969 1046 971 1050 Α

118 1071 240 1132 Infestis
254 1078 358 1134 taurus
373 1071 598 1133 moxooutodit
611 1069 755 1132 cornibus
885 1120 897 1135 .,
929 1120 932 1127 .
985 1108 989 1119 ·

117 1154 236 1216 Hostile
250 1171 372 1230 eorpus.
402 1154 527 1227 Asinus,
542 1158 575 1214 ut
587 1151 666 1212 vidit
678 1154 776 1215 ferum

117 1238 243 1313 Impune
257 1238 347 1310 laedi,
364 1236 500 1297 calcibus
514 1236 643 1296 frontem
657 1236 782 1297 extudit.

116 1321 222 1379 Atilio
236 1320 414 1396 exspirans:
442 1318 549 1379 Fortes
563 1318 688 1394 iuuene
701 1318 755 1381 tuti

116 1402 190 1462 Mihi
205 1402 365 1464 insultare
381 1409 421 1476 to,
436 1407 562 1463 natiuae
576 1401 722 1476 dedecus,

118 1485 205 1558 Quod
217 1485 297 1547 ferre
311 1493 407 1549 morte
422 1499 527 1560 cogor,
539 1484 589 1545 bis
603 1484 713 1547 videor
725 1486 813 1549 mori.

436 1638 613 1695 FABULA
632 1637 731 1693 XXIV.

397 1731 573 1795 uostotn
594 1732 644 1795 tto
663 1729 790 1795 HOMO.-

155 1831 286 1892 Mustela
298 1830 337 1890 ab
351 1831 474 1891 homine
487 1848 609 1908 prensa,
625 1848 717 1906 quum
730 1831 892 1892 Instantem
907 1849 1014 1911 necem

112 1911 257 1988 Effugere
270 1913 377 1974 vellete
406 1912 537 1989 Quaeso,
551 1928 655 1992 poree,
671 1913 776 1988 inquit,
792 1914 874 1988 mihi,

115 1996 197 2069 Quae
211 1994 264 2054 tibi
279 1995 415 2056 molestis
429 1995 565 2057 muribus
580 2010 678 2073 purgo
694 1995 828 2057 donnum.

113 2079 285 2154 Respondit
299 2079 364 2139 ille:
391 2076 522 2140 Faceres
538 2081 565 2141 st
581 2094 765 2154 consumes,

113 2161 237 2246 Grptum
251 2168 334 2224 esset
348 2169 377 2222 et
392 2163 548 2225 dedissem
561 2165 682 2224 venium
693 2163 838 2239 supplici.

110 2245 196 2306 Nune
211 2247 284 2322 quia
295 2245 428 2322 laboras,
442 2253 475 2307 ut
488 2246 597 2310 fruatis
610 2246 756 2324 reliquiis,

111 2327 193 2400 Quas
209 2337 279 2390 sunt
291 2331 401 2404 rosuri‚
417 2330 506 2411 simui
521 2336 551 2392 et
564 2330 652 2409 Ipsos
668 2331 810 2404 devores,

110 2409 179 2470 Noli
193 2410 342 2486 imputare
356 2430 468 2473 vonum
480 2413 664 2475 beneficium
678 2413 761 2475 mihi.

108 2494 211 2570 Atque
225 2494 267 2554 itu
279 2495 400 2557 loeutus
414 2492 584 2571 improbem
597 2496 658 2557 leto
674 2496 766 2561 dedit.

148 2575 216 2635 Hoo
230 2577 261 2635 in
276 2592 311 2637 se
326 2577 438 2637 dietum
452 2576 565 2639 debent
578 2579 621 2640 itti
636 2593 825 2655 agnoscere·
906 2602 909 2611 ¹

108 2657 241 2730 Quorum
255 2660 374 2736 privata
389 2659 483 2721 servit
496 2661 608 2723 utilitas
622 2661 682 2724 sibi

108 2739 145 2800 Et
159 2743 299 2803 meritum
312 2744 404 2806 inane
413 2744 531 2820 jactant
544 2746 796 2825 imprudentibus.

434 2880 721 2948 FABULAXXV.

372 2971 776 3051 ctntsntontls.
886 3046 889 3051 ‚
939 3040 942 3045 ,
1001 3050 1006 3055 ,

142 3074 280 3151 Repente
294 3073 429 3137 liberalis
443 3076 543 3136 sunitis
556 3083 661 3152 gratus
675 3085 733 3153 est,
843 3148 847 3153 ,

102 3157 217 3219 Verum
231 3159 337 3232 peritis
350 3158 458 3222 inritos
472 3161 571 3221 tendit
585 3162 685 3224 dolos.
822 3208 829 3215 -

141 3239 312 3304 Nocturnus
328 3259 422 3318 quum
434 3244 483 3305 tur
495 3261 607 3322 punem
620 3247 757 3311 misisset
770 3249 849 3321 euni,

101 3322 502 3398 Objeototeutansenoibo
517 3337 625 3406 posset
640 3331 725 3408 sapis
836 3388 839 3395 .

99 3407 635 3486 Heusinquitiinguamvismeam
649 3413 858 3491 praeduuere,
1027 3410 1052 3477 't
1088 3475 1095 3493 ,
