2326 3810
481 158 718 249 mnarum-1.

127 336 185 400 Hic
201 338 272 399 dum
287 339 439 400 consumit
453 338 680 401 ncotcs'custos
696 341 836 418 diligens,

127 423 341 484 Desideratum
356 430 404 484 est
418 439 532 500 corpus
547 439 586 483 ex
601 439 663 484 una
676 427 786 485 eruce'
903 451 906 456 ·

96 544 104 572 ,
127 506 277 566 Turbatus
292 506 510 568 milesiacturn
525 507 651 582 exponit
664 508 792 569 rnulieri.

129 594 169 650 At
184 596 290 651 sancta
304 592 424 650 mulier:
446 592 513 653 Nou
528 598 576 650 est
591 591 807 666 quadrimus,
825 592 874 666 ait,

128 675 256 748 Virique
272 689 383 751 corpus
397 675 489 736 tradit
502 675 657 749 figendum
673 677 764 750 cruci,
1045 683 1081 739 30

128 758 172 818 Ne
187 758 296 819 subeat
309 759 359 817 illc
373 774 492 834 poenas
507 759 719 833 negligentiae.

130 842 180 901 Sio
195 842 349 917 turpitudo
364 842 465 902 laudis
481 842 604 902 obsedit
617 842 729 902 locum.

463 977 643 1035 FABULA
663 979 736 1035 XIV.

204 1072 283 1135 DUO
304 1070 473 1135 JUVENES
493 1073 625 1136 SPONSI
645 1074 759 1137 DIVES
780 1072 829 1137 ΕΤ
850 1071 1006 1135 PAUPER.

171 1176 303 1236 Fortuna
317 1175 466 1235 interdum
481 1183 602 1251 praeter
616 1193 704 1252 spem
719 1178 802 1237 levet
814 1175 939 1235 homiui.

130 1260 227 1321 Unam
241 1258 426 1335 expetebant
441 1259 588 1335 virginem
599 1259 733 1335 juvenes
750 1261 828 1332 duo;

129 1344 211 1421 Vicit
224 1343 362 1418 locuples
373 1357 471 1417 genus
486 1350 517 1404 et
531 1344 659 1403 sormam
673 1344 829 1420 pauperis.

129 1427 169 1488 Ut
183 1426 354 1503 nuptiaium
368 1426 467 1486 dictus
481 1426 606 1486 advenit
620 1427 697 1502 dies,

129 1514 245 1571 Amans
261 1511 400 1571 dolorem
413 1511 486 1585 quia
499 1526 561 1571 non
574 1518 696 1586 poterat
709 1510 837 1587 perpeti,
1062 1518 1080 1569 a

129 1595 270 1655 Maerens
284 1595 477 1669 propinquos
491 1595 617 1655 contulit
631 1611 667 1654 se
681 1596 712 1654 in
726 1594 872 1665 hortulos,

131 1678 213 1752 Quos
226 1679 305 1739 ultra
318 1678 410 1753 paulo
425 1678 500 1735 villa
513 1677 679 1752 splendida
691 1677 796 1738 divitis

128 1762 201 1821 Erat
216 1767 379 1836 acceptura
393 1760 541 1836 virginem
554 1777 572 1821 e
585 1761 690 1821 matris
706 1761 784 1834 sinu,

129 1845 239 1907 Parum
253 1845 355 1920 ampla
369 1844 397 1903 in
414 1844 489 1904 urbe
503 1845 572 1904 visa
587 1845 672 1920 quod
686 1845 785 1905 iuerat
799 1844 921 1903 domus.

130 1929 245 2004 Pompa
259 1929 436 2003 explicatur,
451 1927 541 1989 turba
555 1929 708 1990 concurrit
722 1929 877 2003 frequens,

104 2023 106 2029 ·
131 2012 167 2073 lit
181 2011 373 2087 conjugalem
386 2012 513 2088 praebet
525 2013 722 2088 Hymenaeus
737 2013 845 2072 lacem.

130 2097 254 2158 Asellus
268 2101 377 2168 autem,
394 2096 446 2171 qui
460 2096 580 2157 solebat
594 2097 722 2173 pauperi

131 2179 295 2254 Quaestum
311 2178 556 2256 delerre‚‚stabat
570 2187 679 2255 portae
694 2180 725 2239 in
739 2178 851 2239 limine.

130 2265 216 2324 iilum
229 2261 351 2338 puellae
366 2275 441 2321 casu
456 2263 629 2322 conducunt
642 2278 727 2335 suae,

130 2347 209 2407 Viae
222 2346 343 2406 labores
357 2351 481 2405 teneros
495 2359 535 2405 ne
548 2345 672 2405 laedant
684 2345 792 2421 pedes.
901 2350 903 2353 ’

130 2431 268 2506 Repente
282 2430 409 2504 caelum,
424 2429 555 2490 Veneris
569 2429 788 2504 misericordia,

130 2513 239 2575 Ventis
253 2518 401 2586 movetur,
417 2512 534 2574 intonat
547 2514 653 2575 mundi
668 2515 772 2589 fragor

129 2598 318 2671 Noctemque
333 2596 438 2658 densis
453 2597 608 2658 horridam
622 2597 732 2660 nimbis
747 2603 850 2674 perata

130 2683 197 2742 Lux
211 2681 328 2756 rapitur
341 2682 439 2741 oculis
453 2687 483 2740 ct
497 2681 588 2741 simul
600 2682 650 2741 vis
665 2682 821 2755 grandinis

94 2760 101 2772 '
130 2763 389 2841 Effusa-trepidos
404 2765 522 2839 passim
536 2765 663 2825 comites
679 2764 817 2840 dissipat

132 2848 197 2910 Sibi
211 2862 365 2923 quemque
380 2862 494 2922 cogens
510 2853 614 2922 petere
628 2847 818 2924 praesidium
833 2847 915 2924 iuga.
959 2912 964 2921 ,
1069 2851 1071 2855 ’

130 2932 254 2992 Asellus
269 2938 373 2993 notum
386 2932 560 3007 proximum
574 2938 686 2994 tectum
701 2930 782 2993 subit

130 3017 168 3077 Et
180 3030 260 3076 voce
273 3030 385 3089 magna
397 3030 470 3075 sese
483 3017 609 3077 venisse
622 3016 746 3075 indicat

131 3100 315 3160 Procurrunt
327 3098 423 3173 pueri,
439 3099 598 3172 pulchram
611 3099 764 3174 aspiciunt
776 3095 925 3173 virginem

130 3184 169 3245 Et
182 3183 382 3244 admirantum
395 3180 511 3240 deinde
525 3183 649 3242 domino
665 3180 812 3242 nuntiant
902 3190 905 3194 ’

131 3269 144 3327 l
147 3275 212 3328 nter
226 3265 352 3327 sodales
367 3264 419 3323 ille
431 3279 550 3340 paucos
564 3265 719 3325 accubans

130 3353 278 3412 Amorem
292 3348 408 3410 crebris
423 3348 574 3409 evocabat
586 3347 718 3424 poculis.
763 3376 769 3380 «

130 3435 190 3497 Ubi
205 3433 374 3496 nuntiatum
388 3439 444 3510 est,
459 3439 617 3498 recreatus
630 3431 751 3509 gaudiis
