2326 3810
141 177 185 245 80
400 175 574 240 PHAEDRI
593 176 840 244 FABULARUM

143 331 330 408 conspicior
358 331 487 407 Quaero,
502 330 579 393 dixit
592 331 653 406 illa,
670 331 834 408 conjugem

27 469 39 489 ‚
135 414 249 498 ‘Parem
261 431 319 476 nec
333 413 470 475 invenire
483 430 624 490 possum.
651 414 702 476 Me
714 417 832 495 accipe,

85 506 94 520 “
141 499 184 560 Te
197 499 290 559 multo
308 498 360 575 qui
375 515 444 560 sum
458 498 575 559 fortior.
605 499 759 573 Quidtan
773 507 864 578 potes
1035 537 1038 540 >
1077 517 1094 568 5

141 583 188 642 Ex
203 589 291 658 rapto
307 582 419 643 victum
435 589 604 659 quaereret
630 578 790 658 Unguibus
803 582 881 646 meis

142 665 428 730 Suuthiocamelum
440 664 531 741 rapui
544 681 691 742 prensum
706 668 841 744 saepius.

140 749 268 810 Inducta
280 750 384 811 verbis
399 748 503 824 aquila
517 747 680 825 conjugem
694 751 785 827 capit.

140 833 305 894 llansccto
320 840 467 909 tempore,
483 832 596 908 nuptiis
612 833 698 908 quod
711 841 886 910 statuerant,
1055 884 1057 889 s

140 917 269 992 Aquila:
295 916 365 992 Abi,
380 915 528 999 praedam
542 917 728 993 promissam
741 918 814 980 mihi
828 935 914 994 rape.
1059 919 1095 984 lo

139 1000 257 1062 volans
273 1001 304 1060 in
318 1001 410 1062 altum
425 999 557 1061 soricem
570 1000 845 1064 immundissimum

33 1088 36 1112 ¹
140 1082 269 1158 situque
282 1086 375 1160 longo
390 1083 500 1144 miluus
516 1081 605 1143 affert
618 1083 781 1158 putridum.

138 1166 263 1228 Haecne
276 1174 332 1244 est,
346 1166 451 1244 aquila
463 1166 569 1241 inquit,
585 1167 712 1242 polliciti
728 1169 807 1231 fides
822 1169 887 1231 tulo

140 1250 193 1311 Cui
208 1251 331 1312 miluus:
358 1251 434 1326 Ego,
450 1256 483 1311 ut
496 1250 689 1324 pervenirem
704 1253 825 1329 nuptias
987 1308 990 1317 ,

138 1333 189 1393 Ad
203 1336 313 1411 regias,
327 1335 402 1395 nihil
416 1350 478 1394 non
492 1349 588 1409 posse
602 1349 651 1394 me
665 1332 759 1395 fidem
1012 1401 1016 1413 ,
1059 1351 1091 1402 15

138 1417 311 1493 Dedissem,
328 1418 468 1494 quamvis
482 1432 532 1476 me
546 1416 673 1492 nequire
683 1421 835 1482 noverim.

180 1501 237 1576 Qui
251 1518 286 1563 se
301 1503 436 1578 majores
451 1498 556 1576 cupidi
571 1509 720 1576 quaenunt
734 1505 892 1581 conjuges

138 1583 251 1646 Dolone
264 1586 386 1663 decepti
401 1601 436 1648 se
450 1590 523 1663 post
533 1582 659 1660 iunctos
674 1584 796 1650 vilibus.

437 1869 701 1935 nrrnnnlx
730 1869 781 1934 111.

350 1986 594 2050 Passurus
621 1988 680 2052 AD
708 1984 873 2052 RUFUM.

177 2088 333 2164 Libellum,
348 2089 436 2164 Rufe,
451 2090 576 2153 tradens
590 2090 672 2151 hunc
685 2090 740 2152 tibi
753 2104 868 2164 meum,
961 2096 964 2103 ’

137 2172 305 2249 Suscipias,
322 2188 448 2250 quaeso,
463 2174 577 2237 donum
591 2181 624 2236 ut
637 2174 805 2251 pretiosum
818 2173 944 2236 labrum.

136 2256 293 2318 Juveniles
308 2263 427 2334 spectat
440 2274 548 2334 annos,
563 2266 698 2321 maturos
712 2259 802 2332 item,

134 2339 173 2400 Et
187 2339 380 2417 disciplinam
395 2342 515 2404 farnulis
530 2343 648 2417 ingeret
659 2342 730 2402 tuis.

136 2423 182 2483 Ne
198 2425 266 2499 quis
282 2432 368 2500 putet
381 2441 430 2485 me
444 2426 566 2501 lapsum
579 2427 610 2485 in
624 2425 867 2501 imprudentiam,
920 2440 925 2451 ·
1070 2437 1089 2488 5

135 2506 295 2566 Inventum
310 2509 382 2566 olim
396 2508 519 2566 servavi
533 2509 678 2567 narrandi
692 2509 826 2570 modurn.

136 2588 226 2649 Malis
242 2590 375 2666 apposui
388 2605 472 2664 vera,
488 2590 651 2665 composui
665 2590 783 2665 integro

134 2672 240 2734 Bonis.
268 2674 416 2736 Malorum
426 2668 603 2735 monstrans
619 2672 737 2733 firmavi
751 2674 819 2738 vias

134 2754 318 2829 Proborum3
332 2758 399 2834 jum
413 2765 561 2835 sequatur
575 2757 708 2834 quisque
723 2759 809 2833 quod
824 2758 905 2819 libet.

497 2890 673 2949 FABULA
692 2889 713 2947 1.

361 2981 506 3046 cnlvvs
526 2983 576 3047 ET
595 2982 858 3046 normanus

174 3084 221 3144 Ab
237 3084 398 3144 hortulano
413 3085 529 3159 calvus,
543 3093 577 3147 ut
590 3099 744 3162 peponem
758 3085 817 3146 sibi

133 3169 277 3243 Donarel,
292 3166 387 3243 petiit.
416 3167 471 3227 Ille
484 3168 565 3228 hunc
580 3169 725 3229 deridens
741 3170 796 3229 ait=

131 3251 242 3326 Apage
255 3257 294 3321 te,
314 3251 416 3323 calve,
432 3251 475 3310 nil
489 3248 570 3314 dabo
585 3252 648 3326 tibi,
664 3252 787 3312 rustice.
882 3265 889 3271 ’

119 3335 235 3393 Hieme
249 3340 280 3393 et
293 3340 413 3396 aestate
427 3335 590 3398 cclvaesit
601 3343 673 3397 tuae
686 3333 780 3395 male!
1088 3416 1090 3421 Ι

103 3412 241 3479 Maseae
255 3424 289 3479 et
305 3417 412 3482 tabani
427 3421 566 3486 lr'ontem
579 3425 794 3499 compungant
803 3417 872 3490 uui,
1068 3426 1091 3478 a

17 3564 26 3655 l
