2326 3810
160 168 202 233 oo
418 167 590 230 eamear
609 164 852 231 alamanus
954 119 971 134 ”

159 327 200 384 at
214 325 264 383 ille
278 323 395 398 profert
409 321 511 398 ipsum
525 321 695 398 porcellum
709 336 727 383 e
742 322 822 399 sinu,

160 409 354 482 Turpemque
368 412 476 482 aperto
489 405 617 481 pignore
632 419 768 465 errorem
782 406 936 481 probans=
1044 407 1047 412 '

158 491 203 549 En
218 491 267 548 lric
282 490 425 563 declarat,
442 489 549 565 quales
564 489 630 550 sitis
642 488 779 564 judices!

511 623 691 680 FABULA
710 625 759 680 vl.
819 684 823 691 ,

271 720 416 783 clavos
436 721 486 783 nr
508 720 658 796 onaan
677 721 771 784 rnrs
792 698 1000 793 omncrus.
1104 797 1108 803 .

200 822 320 880 Invenit
335 812 441 889 calvus
457 823 536 882 lorte
549 823 581 881 in
594 821 684 881 trivio
700 823 861 897 pectinem

158 905 303 965 Accessit
317 905 401 977 alter,
418 922 517 983 aeque
532 905 671 966 delectus
685 906 766 980 pilis.

157 988 248 1048 Heia!
266 988 371 1064 inquit,
386 988 417 1048 in
431 1005 592 1050 commune
605 990 823 1065 quodcumque
837 995 885 1049 est
898 987 984 1049 lucri.
1025 1036 1030 1043 .

159 1071 297 1132 Ostendit
310 1073 361 1132 ille
375 1074 521 1148 praedam
536 1079 566 1133 et
579 1072 693 1147 adjecit
708 1074 812 1134 simula
940 1132 944 1138 .

159 1155 313 1231 superem
325 1157 469 1218 voluntas
485 1157 574 1228 lavit;
591 1156 648 1216 sed
662 1156 725 1218 lato
740 1157 844 1217 invido
865 1202 869 1208 .
890 1206 896 1217 .
1006 1150 1015 1159 “
1094 1163 1110 1214 5

159 1239 337 1312 Carbonem,
352 1246 386 1301 ut
400 1239 494 1313 aiunt,
510 1255 566 1315 pro
580 1239 725 1303 thesauro
739 1240 923 1301 invenimus.

201 1322 297 1394 Quem
312 1337 386 1396 spes
402 1322 521 1398 delusit,
538 1323 609 1386 huic
623 1326 749 1398 querela
762 1325 914 1386 convenit

506 1458 680 1519 FABULA
700 1460 758 1514 Vll.

231 1647 234 1650 ἡ
403 1553 633 1618 Plrlrlclars
655 1551 856 1615 rlsslclrlt.

198 1659 256 1718 Ubi
271 1672 370 1717 uranus
385 1656 504 1717 animus
518 1672 593 1716 aura
607 1663 715 1733 ceptus
731 1655 841 1715 frivola

155 1741 299 1816 Adripuit
313 1740 493 1801 insolentem
508 1739 567 1800 sibi
581 1739 736 1814 fiduciam,

134 1878 137 1890 ,
155 1824 256 1884 Facile
270 1823 311 1883 ad
326 1823 460 1884 derisum
474 1825 566 1884 stulta
579 1823 687 1884 levitas
704 1823 832 1884 ducitur.

198 1907 343 1982 Princeps
357 1906 469 1966 tibicen
484 1907 585 1967 notior
598 1901 701 1982 paullo
717 1905 780 1979 luit,

157 1990 288 2065 Operam
301 1989 443 2066 Bathyllo
459 1991 567 2050 solitus
582 1990 613 2049 in
628 2005 722 2050 scena
732 1990 816 2058 dare.

127 2105 129 2108 ⁴
155 2073 185 2134 ls
202 2075 278 2133 lorle
292 2073 373 2133 ludis
387 2078 462 2146 (non
479 2074 555 2134 satis
569 2073 691 2132 memini
707 2073 834 2148 quibus)

155 2157 234 2217 Dum
248 2173 359 2233 pegma
372 2157 496 2232 rapitur,
514 2158 648 2218 concidit
662 2172 737 2217 casu
751 2157 837 2232 gravi

155 2243 218 2301 Nec
233 2242 373 2318 opinans,
388 2248 418 2301 et
432 2241 585 2303 sinistram
600 2242 689 2317 fregit
701 2240 814 2312 tibiam,
914 2276 919 2285 ·

155 2325 240 2386 Duas
256 2341 349 2400 quum
364 2326 488 2386 dextras
503 2326 661 2387 maluisset
674 2322 815 2402 perdere

155 2410 357 2469 intermunus
372 2409 511 2470 sublatus
526 2417 556 2469 et
570 2410 695 2472 multum
709 2423 835 2483 gemens
1072 2417 1108 2468 lo

155 2492 285 2550 Domum
298 2491 437 2552 refertur.
465 2492 594 2567 Aliquot
606 2508 729 2552 menses
744 2496 923 2565 transeunt,¹
942 2540 944 2545 .

155 2575 205 2635 Ad
221 2575 380 2637 sanitatem
396 2576 469 2636 dum
480 2575 565 2636 venit
579 2577 704 2636 curatio.

154 2660 194 2720 Ut
209 2665 415 2734 spectatorum
429 2675 497 2721 mos
513 2667 560 2720 est
574 2668 604 2721 et
617 2660 754 2735 lepidum
768 2674 874 2735 genus,

155 2743 330 2802 Desiderari
345 2745 456 2819 coepit,
472 2744 560 2820 eujm
576 2743 699 2805 flatibus

156 2826 281 2887 Solebat
295 2827 421 2886 excitari
436 2828 575 2888 saltantis
589 2829 687 2902 vigor.

197 2911 269 2970 Erat
284 2910 419 2970 facturus
433 2911 524 2971 ludos
540 2911 664 2987 quidam
679 2910 791 2992 nobilis

154 2994 192 3056 Et
205 2994 370 3071 incipiebat
382 2993 527 3070 Princeps
544 3010 563 3053 a
576 2994 798 3069 duceingredi.

154 3080 323 3139 Reduclum
338 3079 453 3155 pressit
465 3077 618 3154 precibus,
632 3086 665 3140 ut
678 3079 886 3140 tantummodo
915 3128 919 3133 .

155 3162 227 3236 lpso
243 3163 383 3224 ludorum
397 3163 572 3225 ostenderet
586 3178 657 3224 sese
672 3163 732 3223 die.

153 3244 212 3318 Qui
227 3246 315 3308 sirnul
330 3247 462 3322 advenit,
478 3263 581 3307 rumor
594 3248 634 3308 de
649 3248 772 3308 tibicine
1069 3251 1106 3305 20

155 3328 267 3388 Fremit
281 3329 454 3392 in'theatro.
483 3332 612 3406 Quidam
627 3333 788 3392 adfirmant
801 3337 962 3401 mortuum,
979 3380 982 3385 .

156 3411 284 3484 Quidam
299 3413 329 3472 in
345 3421 541 3489 conspectum
555 3417 746 3490 proditurum
761 3414 939 3484 sinentora
959 3427 962 3431 ·
