2326 3810
511 173 681 239 UBERV.
729 235 732 239 .
805 188 814 241 l

483 342 662 400 FAB-UL'A
679 343 715 405 V.
799 358 803 365 ’

369 453 555 518 SGURRA
581 454 822 519 Rusrlclls

162 575 261 636 Pravo
277 574 382 633 lavore
397 572 458 633 labi
472 574 615 636 mortales
630 575 730 635 solent

121 659 167 733 Et,
183 656 369 734 prejudicio
385 656 457 715 dum
472 662 553 718 stant
566 658 678 718 erroris
694 658 752 729 sui,

121 743 172 804 Ad
186 739 404 818 poenitendum
417 740 512 801 rebus
523 739 693 802 manifestis
708 741 768 816 agi.

162 824 310 884 Facturus
324 822 414 884 ludos
430 825 555 898 quidam
569 825 657 887 dives
673 824 792 885 nobiles

122 907 284 984 Proposito
300 913 427 966 cunctos
442 907 581 968 invitavit
590 908 741 982 praemio,

117 992 220 1065 ¹Quam
235 990 366 1066 quisque
379 996 487 1065 posset
500 997 533 1051 ut
546 990 712 1053 novitatem
727 987 910 1050 ostenderet.

121 1075 242 1134 Venere
256 1073 387 1133 artifices
403 1073 503 1135 laudis
519 1073 754 1144 aeserunium

120 1157 205 1232 Quos
220 1159 297 1218 inter
311 1171 425 1232 scurra,
438 1165 531 1219 notus
545 1157 663 1222 urbano
678 1159 753 1231 sale,
770 1192 773 1197 -

121 1241 243 1302 Habere
258 1240 335 1301 dirdt
348 1256 384 1302 se
397 1256 494 1316 genus
510 1243 686 1316 spectaculi,

124 1325 213 1399 Quod
227 1325 259 1384 in
272 1324 389 1387 theatro
405 1341 560 1400 nunquam
574 1327 725 1401 prolatum
740 1325 827 1389 leret.
936 1328 948 1348 ‘
1062 1302 1065 1309 ¹

77 1483 81 1490 ι
102 1407 286 1485 ‚Dispersus
300 1424 403 1468 rumor
417 1408 568 1468 civitatem
582 1411 722 1470 concitat.
825 1464 833 1472 ,

120 1485 226 1552 Paullo
241 1499 311 1552 ante
327 1507 425 1552 vacuo
439 1492 558 1553 turbem
572 1493 719 1553 deficiunt
731 1493 810 1553 loce.

121 1575 156 1634 ln
171 1590 266 1636 scena
280 1591 351 1636 vero
366 1581 530 1650 postquam
543 1575 634 1636 solus
646 1577 781 1637 constitit

122 1656 195 1719 Sine
209 1665 367 1734 apparatu,
384 1659 473 1718 nullis
488 1657 692 1733 adjutoribus,

122 1741 279 1802 Silentium
293 1743 363 1816 ipsa
377 1740 449 1801 lecit
464 1742 663 1816 exspectatio.
806 1806 810 1813 ,

121 1827 175 1885 llle
188 1826 219 1885 in
233 1826 333 1885 sinum
347 1832 472 1900 repente
486 1825 608 1889 dernislt
621 1832 713 1900 caput

120 1908 158 1968 Et
172 1909 217 1970 sio
230 1909 357 1986 porcelli
373 1924 480 1970 vocem
494 1915 542 1971 est
552 1909 683 1972 imitatus
698 1925 763 1982 sua,

120 1993 235 2053 Verum
248 1999 280 2053 ut
294 1993 424 2053 subesse
437 1993 530 2070 pallio
546 1993 765 2063 contenderent

120 2077 158 2136 Et
172 2077 273 2137 excuti
284 2075 435 2151 juberent
463 2076 531 2151 Quo
545 2079 627 2142 lamo
642 2077 732 2138 simul

120 2159 199 2219 Nihil
212 2166 259 2220 est
272 2167 435 2235 repertum,
450 2161 551 2221 multis
567 2167 694 2221 onerant
706 2158 848 2219 laudibus

120 2243 342 2317 Hominemque
357 2244 468 2319 plausu
481 2250 710 2320 prosequuntur
724 2241 867 2301 maximo.
931 2232 942 2317 ’-

119 2327 187 2387 Hoc
200 2327 277 2386 vidit
290 2326 356 2386 fieri
370 2326 511 2387 urstious.
539 2325 606 2387 Non
620 2341 669 2385 me
682 2325 813 2387 Hercule

119 2410 169 2469 Me
184 2410 293 2484 vincet,
307 2411 419 2485 inquit:
434 2417 464 2469 et
477 2408 577 2473 statim
591 2410 751 2485 professus
766 2415 815 2469 est

122 2493 206 2553 ldern
220 2495 369 2556 iacturum
383 2494 492 2555 melius
508 2509 543 2556 se
558 2494 717 2569 postridie.

121 2576 167 2636 Fit
180 2571 270 2638 turb'a
282 2579 342 2654 maj
347 2596 390 2638 or.
418 2578 486 2638 lam
500 2579 588 2640 lavor
602 2586 720 2641 mentes
730 2582 816 2639 tenet

120 2660 158 2720 Et
172 2661 338 2735 derismus,
354 2680 416 2726 non
431 2669 631 2739 spectaturus,
649 2664 727 2731 silet.

69 2793 72 2799 .
120 2743 254 2819 Uterque
268 2746 379 2821 prodit.
408 2746 536 2806 Scrurra
550 2745 713 2820 degrunnit
728 2744 811 2820 prior

120 2827 286 2903 Movetque
300 2830 427 2903 plausus
443 2837 473 2888 et
487 2830 637 2890 clamores
651 2829 802 2900 suscitet⁴

120 2911 204 2972 Tune
218 2910 364 2972 simulans
379 2911 450 2974 ses'e
462 2913 651 2975 vestimentis
666 2912 799 2974 rusticus
897 2962 903 2969 .

120 2994 289 3055 Porcellum
304 2993 456 3070 obtegere,
471 2997 570 3071 (quod
585 2997 715 3058 iaciebat
729 2994 855 3065 scilieet,

121 3077 193 3150 Sed,
208 3078 239 3138 in
255 3077 357 3153 priore
372 3078 445 3155 quia
455 3080 500 3141 nil
514 3087 737 3156 compererant,
752 3081 849 3139 lateus
858 3082 880 3147 ι)

120 3160 260 3222 Pervellit
275 3177 379 3221 aurem
391 3177 476 3234 vero,
492 3180 585 3237 quem
601 3167 762 3234 celaverat,

119 3243 157 3305 Et
170 3261 238 3306 oum
254 3246 361 3306 dolore
374 3261 484 3306 vocem
497 3253 623 3309 naturae
637 3245 787 3321 exprimit.

119 3328 280 3390 adclamat
292 3331 424 3407 populus
439 3344 575 3393 scurram
588 3331 681 3393 multo
696 3329 826 3391 similius

116 3412 275 3484 lrnitatunr,
291 3421 320 3476 et
335 3415 417 3494 cogit
429 3415 582 3483 rusuoun
596 3416 684 3484 trudi
695 3416 800 3481 lorus.

145 3508 310 3558 rannerus.
640 3553 642 3557 ,
885 3501 907 3552 4

1055 3406 1103 3455 'ets
