<?xml version="1.0" encoding="UTF-8"?>
<!DOCTYPE html PUBLIC "-//W3C//DTD XHTML 1.0 Transitional//EN"
    "http://www.w3.org/TR/xhtml1/DTD/xhtml1-transitional.dtd">
<html xmlns="http://www.w3.org/1999/xhtml" xml:lang="en" lang="en">
 <head>
  <title>
</title>
<meta http-equiv="Content-Type" content="text/html;charset=utf-8" />
  <meta name='ocr-system' content='tesseract 3.04.00' />
  <meta name='ocr-capabilities' content='ocr_page ocr_carea ocr_par ocr_line ocrx_word'/>
</head>
<body>
  <div class='ocr_page' id='page_1' title='image "./phaedriaugustil02phaegoog_0094.png"; bbox 0 0 2326 3810; ppageno 0'>
   <div class='ocr_carea' id='block_1_1' title="bbox 409 193 705 261">
    <p class='ocr_par' dir='ltr' id='par_1_1' title="bbox 409 193 705 261">
     <span class='ocr_line' id='line_1_1' title="bbox 409 193 705 261; baseline 0.007 -4"><span class='ocrx_word' id='word_1_1' title='bbox 409 210 412 217; x_wconf 83' lang='lat'>·</span> <span class='ocrx_word' id='word_1_2' title='bbox 457 193 649 261; x_wconf 77' lang='lat' dir='ltr'><strong>APPENDIX</strong></span> <span class='ocrx_word' id='word_1_3' title='bbox 669 198 705 259; x_wconf 86' lang='lat' dir='ltr'><strong>lt</strong></span> 
     </span>
    </p>
   </div>
   <div class='ocr_carea' id='block_1_2' title="bbox 32 346 1141 1595">
    <p class='ocr_par' dir='ltr' id='par_1_2' title="bbox 32 346 1141 1428">
     <span class='ocr_line' id='line_1_2' title="bbox 107 346 828 424; baseline 0 -14"><span class='ocrx_word' id='word_1_4' title='bbox 107 350 152 410; x_wconf 88' lang='lat' dir='ltr'><strong>De</strong></span> <span class='ocrx_word' id='word_1_5' title='bbox 166 365 214 409; x_wconf 88' lang='lat' dir='ltr'><strong>me</strong></span> <span class='ocrx_word' id='word_1_6' title='bbox 228 349 360 410; x_wconf 87' lang='lat' dir='ltr'><strong>sollicita</strong></span> <span class='ocrx_word' id='word_1_7' title='bbox 375 362 436 408; x_wconf 90' lang='lat' dir='ltr'><strong>non</strong></span> <span class='ocrx_word' id='word_1_8' title='bbox 450 346 510 409; x_wconf 89' lang='lat' dir='ltr'><strong>huc</strong></span> <span class='ocrx_word' id='word_1_9' title='bbox 523 348 644 422; x_wconf 84' lang='lat' dir='ltr'><strong>venisti,</strong></span> <span class='ocrx_word' id='word_1_10' title='bbox 660 349 809 424; x_wconf 87' lang='lat' dir='ltr'><strong>improba,</strong></span> <span class='ocrx_word' id='word_1_11' title='bbox 825 361 828 367; x_wconf 90' lang='grc'><strong>’</strong></span> 
     </span>
     <span class='ocr_line' id='line_1_3' title="bbox 108 432 904 509; baseline -0.001 -16"><span class='ocrx_word' id='word_1_12' title='bbox 108 433 172 494; x_wconf 87' lang='lat' dir='ltr'><strong>Sed</strong></span> <span class='ocrx_word' id='word_1_13' title='bbox 185 440 302 509; x_wconf 88' lang='lat' dir='ltr'><strong>partem</strong></span> <span class='ocrx_word' id='word_1_14' title='bbox 315 440 349 493; x_wconf 90' lang='lat' dir='ltr'><strong>ut</strong></span> <span class='ocrx_word' id='word_1_15' title='bbox 363 436 485 507; x_wconf 65' lang='lat' dir='ltr'><strong>septem</strong></span> <span class='ocrx_word' id='word_1_16' title='bbox 501 432 609 492; x_wconf 87' lang='lat' dir='ltr'><strong>fraude</strong></span> <span class='ocrx_word' id='word_1_17' title='bbox 624 432 699 508; x_wconf 89' lang='lat' dir='ltr'><strong>quid</strong></span> <span class='ocrx_word' id='word_1_18' title='bbox 713 440 810 509; x_wconf 84' lang='lat' dir='ltr'><strong>petas,</strong></span> <span class='ocrx_word' id='word_1_19' title='bbox 827 433 904 496; x_wconf 85' lang='lat' dir='ltr'><strong>scio.</strong></span> 
     </span>
     <span class='ocr_line' id='line_1_4' title="bbox 106 515 747 591; baseline -0.003 -16"><span class='ocrx_word' id='word_1_20' title='bbox 106 515 188 579; x_wconf 83' lang='lat' dir='ltr'><strong>irata</strong></span> <span class='ocrx_word' id='word_1_21' title='bbox 201 517 242 576; x_wconf 87' lang='lat' dir='ltr'><strong>ad</strong></span> <span class='ocrx_word' id='word_1_22' title='bbox 258 517 361 578; x_wconf 91' lang='lat' dir='ltr'><strong>oviurn</strong></span> <span class='ocrx_word' id='word_1_23' title='bbox 376 522 531 591; x_wconf 86' lang='lat' dir='ltr'><strong>pastorem</strong></span> <span class='ocrx_word' id='word_1_24' title='bbox 544 517 656 591; x_wconf 87' lang='lat' dir='ltr'><strong>vulpes</strong></span> <span class='ocrx_word' id='word_1_25' title='bbox 669 516 747 578; x_wconf 70' lang='lat' dir='ltr'><strong>adita</strong></span> 
     </span>
     <span class='ocr_line' id='line_1_5' title="bbox 107 599 719 676; baseline -0.002 -16"><span class='ocrx_word' id='word_1_26' title='bbox 107 604 241 676; x_wconf 81' lang='lat' dir='ltr'><strong>Agesne,</strong></span> <span class='ocrx_word' id='word_1_27' title='bbox 257 607 372 676; x_wconf 86' lang='lat' dir='ltr'><strong>pastor,</strong></span> <span class='ocrx_word' id='word_1_28' title='bbox 388 599 494 674; x_wconf 87' lang='lat' dir='ltr'><strong>inquit,</strong></span> <span class='ocrx_word' id='word_1_29' title='bbox 508 600 622 674; x_wconf 76' lang='lat' dir='ltr'><strong>gratias</strong></span> <span class='ocrx_word' id='word_1_30' title='bbox 635 599 719 673; x_wconf 93' lang='lat' dir='ltr'><strong>rnihi,</strong></span> 
     </span>
     <span class='ocr_line' id='line_1_6' title="bbox 107 682 775 760; baseline 0 -18"><span class='ocrx_word' id='word_1_31' title='bbox 107 685 264 746; x_wconf 81' lang='lat' dir='ltr'>Inimicum</span> <span class='ocrx_word' id='word_1_32' title='bbox 278 684 305 743; x_wconf 89' lang='lat' dir='ltr'><strong>si</strong></span> <span class='ocrx_word' id='word_1_33' title='bbox 320 683 476 744; x_wconf 82' lang='lat' dir='ltr'><strong>tradidero</strong></span> <span class='ocrx_word' id='word_1_34' title='bbox 490 682 585 743; x_wconf 88' lang='lat' dir='ltr'><strong>hodie</strong></span> <span class='ocrx_word' id='word_1_35' title='bbox 598 684 700 760; x_wconf 73' lang='lat' dir='ltr'><strong>gregis</strong></span> <span class='ocrx_word' id='word_1_36' title='bbox 714 683 775 755; x_wconf 81' lang='lat' dir='ltr'><strong>tui‚‘</strong></span> 
     </span>
     <span class='ocr_line' id='line_1_7' title="bbox 33 766 852 843; baseline 0.001 -16"><span class='ocrx_word' id='word_1_37' title='bbox 33 790 37 795; x_wconf 67' lang='grc'>’</span> <span class='ocrx_word' id='word_1_38' title='bbox 106 767 221 843; x_wconf 88' lang='lat' dir='ltr'><strong>Utjarn</strong></span> <span class='ocrx_word' id='word_1_39' title='bbox 235 768 356 828; x_wconf 86' lang='lat' dir='ltr'><strong>nensis</strong></span> <span class='ocrx_word' id='word_1_40' title='bbox 370 766 541 827; x_wconf 79' lang='lat' dir='ltr'><strong>sollicitust</strong></span> <span class='ocrx_word' id='word_1_41' title='bbox 567 767 690 828; x_wconf 70' lang='lat' dir='ltr'><strong>Pastori</strong></span> <span class='ocrx_word' id='word_1_42' title='bbox 712 766 852 828; x_wconf 77' lang='lat' dir='ltr'><strong>serviam</strong></span> 
     </span>
     <span class='ocr_line' id='line_1_8' title="bbox 106 841 1141 927; baseline 0.001 -18"><span class='ocrx_word' id='word_1_43' title='bbox 106 849 181 922; x_wconf 89' lang='lat' dir='ltr'>Tibi,</span> <span class='ocrx_word' id='word_1_44' title='bbox 197 851 246 924; x_wconf 89' lang='lat' dir='ltr'><strong>ait,</strong></span> <span class='ocrx_word' id='word_1_45' title='bbox 263 859 294 910; x_wconf 89' lang='lat' dir='ltr'><strong>et</strong></span> <span class='ocrx_word' id='word_1_46' title='bbox 306 850 445 922; x_wconf 86' lang='lat' dir='ltr'><strong>tribuam,</strong></span> <span class='ocrx_word' id='word_1_47' title='bbox 462 841 613 925; x_wconf 77' lang='lat' dir='ltr'><strong>quidquid</strong></span> <span class='ocrx_word' id='word_1_48' title='bbox 626 851 772 927; x_wconf 86' lang='lat' dir='ltr'><strong>volueris,</strong></span> <span class='ocrx_word' id='word_1_49' title='bbox 786 850 906 914; x_wconf 87' lang='lat' dir='ltr'><strong>lubens.</strong></span> <span class='ocrx_word' id='word_1_50' title='bbox 954 904 956 920; x_wconf 89' lang='grc'>,</span> <span class='ocrx_word' id='word_1_51' title='bbox 1025 860 1056 912; x_wconf 75' lang='lat'><strong>15</strong></span> <span class='ocrx_word' id='word_1_52' title='bbox 1129 898 1141 910; x_wconf 94' lang='lat'>.</span> 
     </span>
     <span class='ocr_line' id='line_1_9' title="bbox 32 933 656 1009; baseline -0.006 -14"><span class='ocrx_word' id='word_1_53' title='bbox 32 940 36 944; x_wconf 86' lang='grc'><strong>’</strong></span> <span class='ocrx_word' id='word_1_54' title='bbox 107 934 212 995; x_wconf 88' lang='lat' dir='ltr'><strong>cubile</strong></span> <span class='ocrx_word' id='word_1_55' title='bbox 226 940 373 995; x_wconf 89' lang='lat' dir='ltr'><strong>monstrat</strong></span> <span class='ocrx_word' id='word_1_56' title='bbox 386 933 439 993; x_wconf 89' lang='lat' dir='ltr'><strong>illa</strong></span> <span class='ocrx_word' id='word_1_57' title='bbox 452 933 570 1008; x_wconf 86' lang='lat' dir='ltr'><strong>pastori</strong></span> <span class='ocrx_word' id='word_1_58' title='bbox 583 934 656 1009; x_wconf 90' lang='lat' dir='ltr'><strong>lupi,</strong></span> 
     </span>
     <span class='ocr_line' id='line_1_10' title="bbox 107 1016 736 1093; baseline 0.003 -17"><span class='ocrx_word' id='word_1_59' title='bbox 107 1017 163 1091; x_wconf 84' lang='lat' dir='ltr'><strong>Qui</strong></span> <span class='ocrx_word' id='word_1_60' title='bbox 178 1018 317 1078; x_wconf 87' lang='lat' dir='ltr'><strong>clausurn</strong></span> <span class='ocrx_word' id='word_1_61' title='bbox 330 1016 470 1093; x_wconf 88' lang='lat' dir='ltr'><strong>protinus</strong></span> <span class='ocrx_word' id='word_1_62' title='bbox 484 1016 614 1092; x_wconf 76' lang='lat' dir='ltr'><strong>peremit</strong></span> <span class='ocrx_word' id='word_1_63' title='bbox 627 1017 736 1078; x_wconf 84' lang='lat' dir='ltr'><strong>lancea</strong></span> 
     </span>
     <span class='ocr_line' id='line_1_11' title="bbox 105 1100 800 1176; baseline -0.004 -15"><span class='ocrx_word' id='word_1_64' title='bbox 105 1102 144 1161; x_wconf 82' lang='lat' dir='ltr'><strong>Et</strong></span> <span class='ocrx_word' id='word_1_65' title='bbox 157 1102 295 1176; x_wconf 79' lang='lat' dir='ltr'><strong>gaudens</strong></span> <span class='ocrx_word' id='word_1_66' title='bbox 310 1100 350 1162; x_wconf 89' lang='lat' dir='ltr'><strong>de</strong></span> <span class='ocrx_word' id='word_1_67' title='bbox 363 1101 464 1162; x_wconf 86' lang='lat' dir='ltr'><strong>alieno</strong></span> <span class='ocrx_word' id='word_1_68' title='bbox 480 1101 627 1168; x_wconf 84' lang='lat' dir='ltr'><strong>saturavit</strong></span> <span class='ocrx_word' id='word_1_69' title='bbox 640 1101 800 1162; x_wconf 83' lang='lat' dir='ltr'><strong>aemulam.</strong></span> 
     </span>
     <span class='ocr_line' id='line_1_12' title="bbox 106 1183 739 1260; baseline -0.002 -16"><span class='ocrx_word' id='word_1_70' title='bbox 106 1186 147 1244; x_wconf 84' lang='lat' dir='ltr'><strong>nt</strong></span> <span class='ocrx_word' id='word_1_71' title='bbox 161 1186 230 1260; x_wconf 93' lang='lat' dir='ltr'><strong>ipsa</strong></span> <span class='ocrx_word' id='word_1_72' title='bbox 244 1184 356 1245; x_wconf 89' lang='lat' dir='ltr'><strong>deinde</strong></span> <span class='ocrx_word' id='word_1_73' title='bbox 370 1184 447 1246; x_wconf 88' lang='lat' dir='ltr'><strong>utin</strong></span> <span class='ocrx_word' id='word_1_74' title='bbox 461 1191 610 1246; x_wconf 89' lang='lat' dir='ltr'><strong>venantes</strong></span> <span class='ocrx_word' id='word_1_75' title='bbox 624 1183 739 1257; x_wconf 83' lang='lat' dir='ltr'><strong>incidit,</strong></span> 
     </span>
     <span class='ocr_line' id='line_1_13' title="bbox 52 1267 1057 1344; baseline 0.004 -18"><span class='ocrx_word' id='word_1_76' title='bbox 52 1328 56 1337; x_wconf 72' lang='grc'><strong>,</strong></span> <span class='ocrx_word' id='word_1_77' title='bbox 107 1267 330 1344; x_wconf 83' lang='lat' dir='ltr'><strong>comprensae</strong></span> <span class='ocrx_word' id='word_1_78' title='bbox 345 1268 703 1330; x_wconf 86' lang='lat' dir='ltr'><strong>canibusetlaniatasic</strong></span> <span class='ocrx_word' id='word_1_79' title='bbox 718 1268 801 1328; x_wconf 69' lang='lat' dir='ltr'><strong>aits.</strong></span> <span class='ocrx_word' id='word_1_80' title='bbox 976 1292 982 1297; x_wconf 96' lang='lat'>·</span> <span class='ocrx_word' id='word_1_81' title='bbox 1021 1278 1057 1330; x_wconf 62' lang='grc' dir='ltr'><strong>ιο</strong></span> 
     </span>
     <span class='ocr_line' id='line_1_14' title="bbox 106 1351 739 1428; baseline 0 -17"><span class='ocrx_word' id='word_1_82' title='bbox 106 1351 183 1411; x_wconf 86' lang='lat' dir='ltr'><strong>Dedi</strong></span> <span class='ocrx_word' id='word_1_83' title='bbox 197 1351 249 1411; x_wconf 88' lang='lat' dir='ltr'><strong>vix</strong></span> <span class='ocrx_word' id='word_1_84' title='bbox 265 1351 350 1412; x_wconf 75' lang='lat' dir='ltr'><strong>atteri</strong></span> <span class='ocrx_word' id='word_1_85' title='bbox 363 1352 484 1424; x_wconf 87' lang='lat' dir='ltr'><strong>malurn,</strong></span> <span class='ocrx_word' id='word_1_86' title='bbox 500 1358 530 1413; x_wconf 89' lang='lat' dir='ltr'><strong>et</strong></span> <span class='ocrx_word' id='word_1_87' title='bbox 540 1352 606 1427; x_wconf 82' lang='lat' dir='ltr'><strong>J‘em</strong></span> <span class='ocrx_word' id='word_1_88' title='bbox 619 1353 739 1428; x_wconf 87' lang='lat' dir='ltr'><strong>punior.</strong></span> 
     </span>
    </p>

    <p class='ocr_par' dir='ltr' id='par_1_3' title="bbox 106 1435 748 1595">
     <span class='ocr_line' id='line_1_15' title="bbox 146 1435 748 1512; baseline 0.007 -19"><span class='ocrx_word' id='word_1_89' title='bbox 146 1435 263 1495; x_wconf 90' lang='lat' dir='ltr'><strong>Timere</strong></span> <span class='ocrx_word' id='word_1_90' title='bbox 277 1435 378 1508; x_wconf 81' lang='lat' dir='ltr'><strong>debet,</strong></span> <span class='ocrx_word' id='word_1_91' title='bbox 395 1435 536 1512; x_wconf 88' lang='lat' dir='ltr'><strong>quisquis</strong></span> <span class='ocrx_word' id='word_1_92' title='bbox 551 1435 603 1496; x_wconf 87' lang='lat' dir='ltr'><strong>nlii</strong></span> <span class='ocrx_word' id='word_1_93' title='bbox 618 1436 748 1497; x_wconf 83' lang='lat' dir='ltr'><strong>sustinet</strong></span> 
     </span>
     <span class='ocr_line' id='line_1_16' title="bbox 106 1517 739 1595; baseline 0.005 -19"><span class='ocrx_word' id='word_1_94' title='bbox 106 1517 231 1593; x_wconf 85' lang='lat' dir='ltr'><strong>Nocere,</strong></span> <span class='ocrx_word' id='word_1_95' title='bbox 247 1518 337 1595; x_wconf 79' lang='lat' dir='ltr'><strong>peJus</strong></span> <span class='ocrx_word' id='word_1_96' title='bbox 352 1519 466 1595; x_wconf 86' lang='lat' dir='ltr'><strong>ipsine</strong></span> <span class='ocrx_word' id='word_1_97' title='bbox 481 1519 603 1580; x_wconf 89' lang='lat' dir='ltr'><strong>eveniat</strong></span> <span class='ocrx_word' id='word_1_98' title='bbox 615 1521 739 1580; x_wconf 85' lang='lat' dir='ltr'><strong>maium.</strong></span> 
     </span>
    </p>
   </div>
   <div class='ocr_carea' id='block_1_3' title="bbox 358 1643 705 1713">
    <p class='ocr_par' dir='ltr' id='par_1_4' title="bbox 358 1643 705 1713">
     <span class='ocr_line' id='line_1_17' title="bbox 358 1643 705 1713; baseline -0.014 0"><span class='ocrx_word' id='word_1_99' title='bbox 358 1643 362 1646; x_wconf 84' lang='grc'><strong>’</strong></span> <span class='ocrx_word' id='word_1_100' title='bbox 448 1653 624 1713; x_wconf 71' lang='lat' dir='ltr'><strong>ruente</strong></span> <span class='ocrx_word' id='word_1_101' title='bbox 643 1651 705 1710; x_wconf 86' lang='lat' dir='ltr'><strong>xx.</strong></span> 
     </span>
    </p>
   </div>
   <div class='ocr_carea' id='block_1_4' title="bbox 359 1744 794 1812">
    <p class='ocr_par' dir='ltr' id='par_1_5' title="bbox 359 1744 794 1812">
     <span class='ocr_line' id='line_1_18' title="bbox 359 1744 794 1812; baseline 0 0"><span class='ocrx_word' id='word_1_102' title='bbox 359 1749 497 1812; x_wconf 81' lang='lat' dir='ltr'>OVES</span> <span class='ocrx_word' id='word_1_103' title='bbox 542 1744 607 1810; x_wconf 78' lang='lat' dir='ltr'><strong>ET</strong></span> <span class='ocrx_word' id='word_1_104' title='bbox 653 1748 794 1812; x_wconf 73' lang='lat' dir='ltr'><strong>turi.</strong></span> 
     </span>
    </p>
   </div>
   <div class='ocr_carea' id='block_1_5' title="bbox 48 1849 1056 3010">
    <p class='ocr_par' dir='ltr' id='par_1_6' title="bbox 48 1849 1056 3010">
     <span class='ocr_line' id='line_1_19' title="bbox 147 1849 864 1927; baseline 0.004 -17"><span class='ocrx_word' id='word_1_105' title='bbox 147 1849 229 1911; x_wconf 91' lang='lat' dir='ltr'><strong>Oves</strong></span> <span class='ocrx_word' id='word_1_106' title='bbox 243 1850 371 1927; x_wconf 89' lang='lat' dir='ltr'><strong>lupique</strong></span> <span class='ocrx_word' id='word_1_107' title='bbox 386 1861 478 1925; x_wconf 87' lang='lat' dir='ltr'><strong>quum</strong></span> <span class='ocrx_word' id='word_1_108' title='bbox 492 1855 661 1910; x_wconf 78' lang='lat' dir='ltr'><strong>certassent</strong></span> <span class='ocrx_word' id='word_1_109' title='bbox 676 1851 802 1926; x_wconf 86' lang='lat' dir='ltr'><strong>proelio,</strong></span> <span class='ocrx_word' id='word_1_110' title='bbox 862 1866 864 1871; x_wconf 89' lang='lat'>·</span> 
     </span>
     <span class='ocr_line' id='line_1_20' title="bbox 104 1933 728 2009; baseline 0 -16"><span class='ocrx_word' id='word_1_111' title='bbox 104 1934 178 1994; x_wconf 91' lang='lat' dir='ltr'><strong>Illae</strong></span> <span class='ocrx_word' id='word_1_112' title='bbox 191 1934 329 1995; x_wconf 88' lang='lat' dir='ltr'><strong>vicerunt</strong></span> <span class='ocrx_word' id='word_1_113' title='bbox 342 1940 425 1994; x_wconf 83' lang='lat' dir='ltr'><strong>tutae</strong></span> <span class='ocrx_word' id='word_1_114' title='bbox 437 1933 593 2009; x_wconf 85' lang='lat' dir='ltr'><strong>praesidio</strong></span> <span class='ocrx_word' id='word_1_115' title='bbox 609 1947 728 1997; x_wconf 88' lang='lat' dir='ltr'><strong>canum.</strong></span> 
     </span>
     <span class='ocr_line' id='line_1_21' title="bbox 48 2017 874 2094; baseline 0.005 -15"><span class='ocrx_word' id='word_1_116' title='bbox 48 2056 52 2063; x_wconf 92' lang='lat'>-</span> <span class='ocrx_word' id='word_1_117' title='bbox 105 2017 183 2092; x_wconf 82' lang='lat' dir='ltr'><strong>Lupi</strong></span> <span class='ocrx_word' id='word_1_118' title='bbox 197 2018 315 2093; x_wconf 85' lang='lat' dir='ltr'><strong>legatos</strong></span> <span class='ocrx_word' id='word_1_119' title='bbox 330 2017 479 2078; x_wconf 88' lang='lat' dir='ltr'><strong>miserunt</strong></span> <span class='ocrx_word' id='word_1_120' title='bbox 491 2032 601 2094; x_wconf 88' lang='lat' dir='ltr'><strong>pacem</strong></span> <span class='ocrx_word' id='word_1_121' title='bbox 615 2017 676 2081; x_wconf 84' lang='lat' dir='ltr'><strong>sibi</strong></span> <span class='ocrx_word' id='word_1_122' title='bbox 871 2078 874 2083; x_wconf 86' lang='lat'>.</span> 
     </span>
     <span class='ocr_line' id='line_1_22' title="bbox 105 2100 835 2176; baseline 0.011 -17"><span class='ocrx_word' id='word_1_123' title='bbox 105 2101 187 2176; x_wconf 83' lang='lat' dir='ltr'><strong>Lege</strong></span> <span class='ocrx_word' id='word_1_124' title='bbox 201 2100 260 2160; x_wconf 90' lang='lat' dir='ltr'><strong>hae</strong></span> <span class='ocrx_word' id='word_1_125' title='bbox 273 2108 423 2176; x_wconf 81' lang='lat' dir='ltr'><strong>petentes,</strong></span> <span class='ocrx_word' id='word_1_126' title='bbox 438 2107 472 2163; x_wconf 90' lang='lat' dir='ltr'><strong>ut</strong></span> <span class='ocrx_word' id='word_1_127' title='bbox 487 2116 564 2163; x_wconf 89' lang='lat' dir='ltr'><strong>oves</strong></span> <span class='ocrx_word' id='word_1_128' title='bbox 578 2102 728 2164; x_wconf 86' lang='lat' dir='ltr'><strong>dederent</strong></span> <span class='ocrx_word' id='word_1_129' title='bbox 741 2118 835 2166; x_wconf 88' lang='lat' dir='ltr'><strong>cenes</strong></span> 
     </span>
     <span class='ocr_line' id='line_1_23' title="bbox 106 2182 1054 2259; baseline 0.007 -15"><span class='ocrx_word' id='word_1_130' title='bbox 106 2185 143 2244; x_wconf 83' lang='lat' dir='ltr'><strong>Et</strong></span> <span class='ocrx_word' id='word_1_131' title='bbox 156 2182 282 2244; x_wconf 90' lang='lat' dir='ltr'><strong>obsides</strong></span> <span class='ocrx_word' id='word_1_132' title='bbox 297 2184 437 2259; x_wconf 87' lang='lat' dir='ltr'><strong>luporum</strong></span> <span class='ocrx_word' id='word_1_133' title='bbox 451 2185 569 2244; x_wconf 86' lang='lat' dir='ltr'><strong>catulos</strong></span> <span class='ocrx_word' id='word_1_134' title='bbox 582 2185 764 2259; x_wconf 88' lang='lat' dir='ltr'><strong>reciperent.</strong></span> <span class='ocrx_word' id='word_1_135' title='bbox 1037 2199 1054 2251; x_wconf 77' lang='lat'><strong>5</strong></span> 
     </span>
     <span class='ocr_line' id='line_1_24' title="bbox 106 2265 969 2340; baseline 0.006 -14"><span class='ocrx_word' id='word_1_136' title='bbox 106 2266 188 2327; x_wconf 91' lang='lat' dir='ltr'><strong>Oves</strong></span> <span class='ocrx_word' id='word_1_137' title='bbox 203 2274 327 2327; x_wconf 85' lang='lat' dir='ltr'><strong>aeterna</strong></span> <span class='ocrx_word' id='word_1_138' title='bbox 342 2266 387 2326; x_wconf 87' lang='lat' dir='ltr'><strong>sic</strong></span> <span class='ocrx_word' id='word_1_139' title='bbox 402 2272 563 2340; x_wconf 79' lang='lat' dir='ltr'><strong>sperantes</strong></span> <span class='ocrx_word' id='word_1_140' title='bbox 578 2265 706 2330; x_wconf 82' lang='lat' dir='ltr'><strong>foedera</strong></span> <span class='ocrx_word' id='word_1_141' title='bbox 965 2274 969 2280; x_wconf 85' lang='grc'><em>“</em></span> 
     </span>
     <span class='ocr_line' id='line_1_25' title="bbox 106 2349 802 2425; baseline 0.001 -15"><span class='ocrx_word' id='word_1_142' title='bbox 106 2349 184 2410; x_wconf 87' lang='lat' dir='ltr'><strong>Sese</strong></span> <span class='ocrx_word' id='word_1_143' title='bbox 195 2350 366 2425; x_wconf 87' lang='lat' dir='ltr'><strong>juncturas,</strong></span> <span class='ocrx_word' id='word_1_144' title='bbox 382 2350 527 2421; x_wconf 81' lang='lat' dir='ltr'><strong>iecerunt,</strong></span> <span class='ocrx_word' id='word_1_145' title='bbox 545 2349 630 2424; x_wconf 92' lang='lat' dir='ltr'><strong>quod</strong></span> <span class='ocrx_word' id='word_1_146' title='bbox 643 2351 802 2425; x_wconf 88' lang='lat' dir='ltr'><strong>petierant.</strong></span> 
     </span>
     <span class='ocr_line' id='line_1_26' title="bbox 104 2432 829 2510; baseline 0.006 -16"><span class='ocrx_word' id='word_1_147' title='bbox 104 2432 177 2494; x_wconf 89' lang='lat' dir='ltr'><strong>Post</strong></span> <span class='ocrx_word' id='word_1_148' title='bbox 192 2434 284 2509; x_wconf 91' lang='lat' dir='ltr'><strong>paulo</strong></span> <span class='ocrx_word' id='word_1_149' title='bbox 301 2450 393 2508; x_wconf 87' lang='lat' dir='ltr'><strong>quum</strong></span> <span class='ocrx_word' id='word_1_150' title='bbox 407 2432 584 2508; x_wconf 86' lang='lat' dir='ltr'><strong>coepissent</strong></span> <span class='ocrx_word' id='word_1_151' title='bbox 596 2434 714 2495; x_wconf 80' lang='lat' dir='ltr'><strong>ulrdare</strong></span> <span class='ocrx_word' id='word_1_152' title='bbox 728 2436 829 2510; x_wconf 89' lang='lat' dir='ltr'><strong>catuli,</strong></span> 
     </span>
     <span class='ocr_line' id='line_1_27' title="bbox 104 2517 785 2592; baseline 0.004 -16"><span class='ocrx_word' id='word_1_153' title='bbox 104 2517 191 2592; x_wconf 89' lang='lat' dir='ltr'><strong>Lupi,</strong></span> <span class='ocrx_word' id='word_1_154' title='bbox 205 2517 312 2576; x_wconf 87' lang='lat' dir='ltr'><strong>vexari</strong></span> <span class='ocrx_word' id='word_1_155' title='bbox 327 2522 507 2578; x_wconf 81' lang='lat' dir='ltr'><strong>caussantes</strong></span> <span class='ocrx_word' id='word_1_156' title='bbox 522 2523 612 2578; x_wconf 88' lang='lat' dir='ltr'><strong>natos</strong></span> <span class='ocrx_word' id='word_1_157' title='bbox 627 2533 702 2579; x_wconf 88' lang='lat' dir='ltr'><strong>suos</strong></span> <span class='ocrx_word' id='word_1_158' title='bbox 782 2560 785 2565; x_wconf 88' lang='lat'><em>-</em></span> 
     </span>
     <span class='ocr_line' id='line_1_28' title="bbox 104 2598 1056 2679; baseline 0.008 -20"><span class='ocrx_word' id='word_1_159' title='bbox 104 2599 275 2676; x_wconf 87' lang='lat' dir='ltr'><strong>Pacemque</strong></span> <span class='ocrx_word' id='word_1_160' title='bbox 288 2608 408 2678; x_wconf 88' lang='lat' dir='ltr'><strong>ruptam</strong></span> <span class='ocrx_word' id='word_1_161' title='bbox 422 2598 461 2661; x_wconf 88' lang='lat' dir='ltr'><strong>ab</strong></span> <span class='ocrx_word' id='word_1_162' title='bbox 476 2600 598 2676; x_wconf 90' lang='lat' dir='ltr'><strong>ovibus,</strong></span> <span class='ocrx_word' id='word_1_163' title='bbox 612 2601 749 2677; x_wconf 90' lang='lat' dir='ltr'><strong>undique</strong></span> <span class='ocrx_word' id='word_1_164' title='bbox 765 2603 877 2679; x_wconf 88' lang='lat' dir='ltr'><strong>impetu</strong></span> <span class='ocrx_word' id='word_1_165' title='bbox 1022 2616 1056 2667; x_wconf 87' lang='grc' dir='ltr'><strong>ιο</strong></span> 
     </span>
     <span class='ocr_line' id='line_1_29' title="bbox 105 2684 711 2758; baseline 0.007 -16"><span class='ocrx_word' id='word_1_166' title='bbox 105 2685 256 2746; x_wconf 87' lang='lat' dir='ltr'><strong>invadunt</strong></span> <span class='ocrx_word' id='word_1_167' title='bbox 270 2685 351 2747; x_wconf 85' lang='lat' dir='ltr'><strong>iacto</strong></span> <span class='ocrx_word' id='word_1_168' title='bbox 366 2686 468 2746; x_wconf 87' lang='lat' dir='ltr'><strong>nudas</strong></span> <span class='ocrx_word' id='word_1_169' title='bbox 483 2684 711 2758; x_wconf 85' lang='lat' dir='ltr'><strong>defensoribus,</strong></span> 
     </span>
     <span class='ocr_line' id='line_1_30' title="bbox 103 2765 878 2844; baseline 0.004 -17"><span class='ocrx_word' id='word_1_170' title='bbox 103 2767 209 2828; x_wconf 88' lang='lat' dir='ltr'><strong>Fidem</strong></span> <span class='ocrx_word' id='word_1_171' title='bbox 224 2784 305 2844; x_wconf 86' lang='lat' dir='ltr'><strong>quae</strong></span> <span class='ocrx_word' id='word_1_172' title='bbox 320 2770 430 2829; x_wconf 88' lang='lat' dir='ltr'><strong>stultae</strong></span> <span class='ocrx_word' id='word_1_173' title='bbox 445 2767 530 2842; x_wconf 91' lang='lat' dir='ltr'><strong>quod</strong></span> <span class='ocrx_word' id='word_1_174' title='bbox 543 2766 714 2829; x_wconf 87' lang='lat' dir='ltr'><strong>habuerant</strong></span> <span class='ocrx_word' id='word_1_175' title='bbox 727 2765 878 2843; x_wconf 85' lang='lat' dir='ltr'><strong>hostibus,</strong></span> 
     </span>
     <span class='ocr_line' id='line_1_31' title="bbox 105 2851 912 2935; baseline 0.001 -24"><span class='ocrx_word' id='word_1_176' title='bbox 105 2851 271 2913; x_wconf 84' lang='lat' dir='ltr'><strong>Consilium</strong></span> <span class='ocrx_word' id='word_1_177' title='bbox 285 2867 355 2915; x_wconf 86' lang='lat' dir='ltr'><strong>sera</strong></span> <span class='ocrx_word' id='word_1_178' title='bbox 369 2851 514 2911; x_wconf 86' lang='lat' dir='ltr'><strong>damnant</strong></span> <span class='ocrx_word' id='word_1_179' title='bbox 527 2851 726 2926; x_wconf 87' lang='lat' dir='ltr'><strong>poenitentia.</strong></span> <span class='ocrx_word' id='word_1_180' title='bbox 909 2929 912 2935; x_wconf 21' lang='grc' dir='ltr'>Ι</span> 
     </span>
     <span class='ocr_line' id='line_1_32' title="bbox 144 2933 835 3010; baseline 0.003 -16"><span class='ocrx_word' id='word_1_181' title='bbox 144 2933 342 3008; x_wconf 85' lang='lat' dir='ltr'><strong>Praesidium,</strong></span> <span class='ocrx_word' id='word_1_182' title='bbox 359 2950 420 3010; x_wconf 89' lang='lat' dir='ltr'><strong>quo</strong></span> <span class='ocrx_word' id='word_1_183' title='bbox 435 2934 505 3010; x_wconf 84' lang='lat' dir='ltr'><strong>quis</strong></span> <span class='ocrx_word' id='word_1_184' title='bbox 521 2935 595 2995; x_wconf 88' lang='lat' dir='ltr'><strong>olim</strong></span> <span class='ocrx_word' id='word_1_185' title='bbox 608 2941 692 2996; x_wconf 89' lang='lat' dir='ltr'><strong>tutus</strong></span> <span class='ocrx_word' id='word_1_186' title='bbox 706 2935 835 3009; x_wconf 83' lang='lat' dir='ltr'><strong>vixerat,</strong></span> 
     </span>
    </p>
   </div>
   <div class='ocr_carea' id='block_1_6' title="bbox 105 3017 1060 3115">
    <p class='ocr_par' dir='ltr' id='par_1_7' title="bbox 105 3017 1060 3115">
     <span class='ocr_line' id='line_1_33' title="bbox 105 3017 1060 3115; baseline 0.005 -36"><span class='ocrx_word' id='word_1_187' title='bbox 105 3017 137 3079; x_wconf 88' lang='lat' dir='ltr'><strong>Si</strong></span> <span class='ocrx_word' id='word_1_188' title='bbox 152 3017 252 3079; x_wconf 91' lang='lat' dir='ltr'><strong>tradat</strong></span> <span class='ocrx_word' id='word_1_189' title='bbox 266 3018 343 3090; x_wconf 74' lang='lat' dir='ltr'><strong>ediis,</strong></span> <span class='ocrx_word' id='word_1_190' title='bbox 359 3018 472 3080; x_wconf 85' lang='lat' dir='ltr'><strong>frustra</strong></span> <span class='ocrx_word' id='word_1_191' title='bbox 485 3026 558 3115; x_wconf 85' lang='lat' dir='ltr'><strong>post</strong></span> <span class='ocrx_word' id='word_1_192' title='bbox 572 3019 738 3081; x_wconf 79' lang='lat' dir='ltr'><strong>desiderat.</strong></span> <span class='ocrx_word' id='word_1_193' title='bbox 1023 3030 1060 3084; x_wconf 76' lang='lat' dir='ltr'><strong>te-</strong></span> 
     </span>
    </p>
   </div>
   <div class='ocr_carea' id='block_1_7' title="bbox 448 3151 846 3210">
    <p class='ocr_par' dir='ltr' id='par_1_8' title="bbox 448 3151 846 3210">
     <span class='ocr_line' id='line_1_34' title="bbox 448 3151 846 3210; baseline -0.008 0"><span class='ocrx_word' id='word_1_194' title='bbox 448 3152 628 3210; x_wconf 73' lang='lat' dir='ltr'><strong>rnaben</strong></span> <span class='ocrx_word' id='word_1_195' title='bbox 647 3151 720 3209; x_wconf 81' lang='lat' dir='ltr'><strong>XXI.</strong></span> <span class='ocrx_word' id='word_1_196' title='bbox 838 3158 846 3199; x_wconf 88' lang='grc'><strong>.’</strong></span> 
     </span>
    </p>
   </div>
   <div class='ocr_carea' id='block_1_8' title="bbox 103 3216 1013 3330">
    <p class='ocr_par' dir='ltr' id='par_1_9' title="bbox 103 3216 1013 3330">
     <span class='ocr_line' id='line_1_35' title="bbox 103 3216 1013 3330; baseline 0.01 -21"><span class='ocrx_word' id='word_1_197' title='bbox 103 3233 303 3310; x_wconf 79' lang='lat' dir='ltr'><strong>‘nonrms</strong></span> <span class='ocrx_word' id='word_1_198' title='bbox 325 3246 415 3325; x_wconf 87' lang='lat' dir='ltr'><strong>uuo,</strong></span> <span class='ocrx_word' id='word_1_199' title='bbox 438 3244 585 3311; x_wconf 76' lang='lat' dir='ltr'><strong>rurtx</strong></span> <span class='ocrx_word' id='word_1_200' title='bbox 605 3245 653 3310; x_wconf 84' lang='lat' dir='ltr'><strong>m</strong></span> <span class='ocrx_word' id='word_1_201' title='bbox 674 3244 816 3330; x_wconf 72' lang='lat' dir='ltr'><strong>maun</strong></span> <span class='ocrx_word' id='word_1_202' title='bbox 838 3216 893 3314; x_wconf 86' lang='lat' dir='ltr'><strong>ur</strong></span> <span class='ocrx_word' id='word_1_203' title='bbox 910 3249 1013 3318; x_wconf 83' lang='lat' dir='ltr'><strong>suni.</strong></span> 
     </span>
    </p>
   </div>
   <div class='ocr_carea' id='block_1_9' title="bbox 104 3346 840 3507">
    <p class='ocr_par' dir='ltr' id='par_1_10' title="bbox 104 3346 840 3507">
     <span class='ocr_line' id='line_1_36' title="bbox 145 3346 762 3422; baseline 0.002 -16"><span class='ocrx_word' id='word_1_204' title='bbox 145 3349 280 3422; x_wconf 78' lang='lat' dir='ltr'><strong>Agentes</strong></span> <span class='ocrx_word' id='word_1_205' title='bbox 294 3346 428 3408; x_wconf 76' lang='lat' dir='ltr'><strong>mendax</strong></span> <span class='ocrx_word' id='word_1_206' title='bbox 441 3354 472 3407; x_wconf 92' lang='lat' dir='ltr'><strong>et</strong></span> <span class='ocrx_word' id='word_1_207' title='bbox 485 3348 575 3408; x_wconf 85' lang='lat' dir='ltr'><strong>simui</strong></span> <span class='ocrx_word' id='word_1_208' title='bbox 589 3362 684 3409; x_wconf 85' lang='lat' dir='ltr'><strong>verax</strong></span> <span class='ocrx_word' id='word_1_209' title='bbox 698 3348 762 3422; x_wconf 80' lang='lat' dir='ltr'><strong>iter,</strong></span> 
     </span>
     <span class='ocr_line' id='line_1_37' title="bbox 104 3430 840 3507; baseline 0.004 -17"><span class='ocrx_word' id='word_1_210' title='bbox 104 3430 138 3490; x_wconf 91' lang='lat' dir='ltr'><strong>In</strong></span> <span class='ocrx_word' id='word_1_211' title='bbox 153 3431 310 3494; x_wconf 90' lang='lat' dir='ltr'><strong>simiorum</strong></span> <span class='ocrx_word' id='word_1_212' title='bbox 324 3433 402 3497; x_wconf 82' lang='lat' dir='ltr'><strong>torte</strong></span> <span class='ocrx_word' id='word_1_213' title='bbox 417 3439 699 3507; x_wconf 74' lang='lat' dir='ltr'><strong>terramvenerant.</strong></span> <span class='ocrx_word' id='word_1_214' title='bbox 776 3492 779 3497; x_wconf 86' lang='grc'><strong>,</strong></span> <span class='ocrx_word' id='word_1_215' title='bbox 836 3444 840 3450; x_wconf 92' lang='grc'><em>·</em></span> 
     </span>
    </p>
   </div>
   <div class='ocr_carea' id='block_1_10' title="bbox 0 0 1168 3810">
    <p class='ocr_par' dir='ltr' id='par_1_11' title="bbox 0 0 1168 3810">
     <span class='ocr_line' id='line_1_38' title="bbox 0 0 1168 3810; baseline 0 0"><span class='ocrx_word' id='word_1_216' title='bbox 0 0 1168 3810; x_wconf 95' lang='lat' dir='ltr'><strong> </strong></span> 
     </span>
    </p>
   </div>
  </div>
 </body>
</html>
