2326 3810
345 220 347 225 .
467 120 583 234 Ltttltu
604 173 657 232 lv.
734 178 737 189 '

85 326 118 385 ln
133 327 233 402 capite
246 324 328 401 regis
344 324 449 400 sedeo,
466 339 559 398 quum
571 325 672 384 visum
686 331 734 386 est
746 323 829 398 mihi,

86 410 125 470 Et
135 417 340 470 matronarum
354 414 441 468 casta
452 407 557 467 delibo
571 408 687 469 oscula.

83 491 205 554 Laboro
219 493 302 566 nihil,
318 498 410 566 atque
425 491 547 566 optimis
561 491 653 551 rebus
668 492 762 551 fruor.
828 542 833 549 .

84 576 163 651 Quid
177 577 285 637 horum
299 576 398 636 simile
411 574 465 636 tibi
479 575 634 649 contingit,
649 575 784 636 rustica?

83 661 138 721 Est
152 660 306 735 gloriosus
321 675 397 720 sane
410 659 570 719 convictus
586 659 686 732 deirm,

84 743 148 804 Sed
163 743 214 817 illi,
230 744 282 818 qni
296 744 446 815 invitatur,
463 758 525 802 non
540 742 592 818 qui
606 742 725 802 invisus
739 751 795 803 est.

83 826 185 902 Reges
201 841 421 887 commemoras
437 832 467 884 et
480 832 685 884 matronarum
699 828 816 887 oscula.
947 878 950 885 .
991 870 1004 887 ..

82 911 149 986 ligo
164 926 291 986 granum
305 910 335 969 in
350 909 482 968 hiemem
496 924 589 982 quum
603 908 742 970 studiose
756 925 899 987 congero,
935 966 938 973 .
1009 950 1013 961 -

83 994 125 1053 Te
140 994 221 1055 circa
234 1010 352 1054 murum
365 993 453 1069 pasci
469 991 559 1051 video
576 997 720 1052 stercore.
880 1047 882 1053 .
1020 1008 1023 1013 ’

83 1079 164 1138 Aras
179 1077 370 1153 frequentas:
392 1091 503 1150 nempe
516 1074 658 1149 abigens,
675 1092 737 1149 quo
750 1074 850 1138 venis.

83 1161 162 1220 Nihil
175 1161 314 1222 laboras=
337 1161 408 1220 ideo
424 1175 517 1234 quum
532 1174 611 1234 opus
627 1165 683 1232 est,
703 1160 745 1218 nil
759 1159 866 1223 habos.
883 1197 885 1201 ·
935 1208 939 1219 .
1000 1192 1004 1199 .

41 1313 46 1323 ,
84 1244 185 1320 Super
198 1245 288 1325 etiam
300 1245 410 1320 Jactas,
426 1250 530 1318 tegere
546 1242 630 1320 quod
645 1242 737 1305 debet
750 1244 861 1319 pudor.

82 1333 210 1409 Aestate
223 1344 274 1388 me
286 1328 433 1398 lacessis3
456 1343 549 1402 quum
563 1325 671 1386 bruma
685 1334 742 1402 est,
757 1328 841 1390 siles.

28 1473 35 1488 ,
82 1412 161 1472 Mori
176 1418 362 1472 contractam
377 1427 470 1486 quum
482 1417 514 1492 te
528 1413 641 1484 cogunt
655 1410 777 1487 frigora,

82 1495 133 1555 Ille
148 1495 277 1572 copiosa
290 1495 398 1571 recipit
411 1495 593 1568 incolumem
607 1494 728 1557 domus.

84 1578 165 1640 Satis
180 1579 319 1655 prolecto
333 1579 445 1638 rettudi
459 1576 644 1653 superbiam.
712 1613 715 1618 -

124 1661 249 1722 Fabella
262 1663 331 1723 talis
346 1661 503 1721 hominum
517 1660 662 1719 discernit
675 1666 764 1719 notas

83 1744 204 1822 Eorum,
221 1746 273 1821 qui
287 1761 322 1807 se
337 1745 424 1806 falsis
440 1748 549 1804 ornant
563 1742 712 1817 laudibus

82 1829 120 1890 Et
135 1846 264 1906 quorum
276 1830 373 1890 virtus
389 1827 512 1889 exhibet
526 1825 657 1888 solidum
672 1827 777 1888 decus.

417 1963 594 2022 FABULA
614 1965 701 2021 XXV.

494 2042 628 2122 roim.

125 2158 276 2233 Quantum
289 2159 427 2220 valerent
440 2160 518 2220 inter
531 2162 672 2222 homines
687 2160 812 2230 litterae,

85 2243 153 2304 Dixi
168 2243 326 2318 superius=
350 2249 481 2318 quantus
496 2260 577 2305 nunc
590 2244 651 2303 illis
664 2243 765 2303 honos

83 2330 109 2390 A
126 2327 249 2403 superis
264 2327 303 2387 sit
316 2326 457 2400 tributus,
471 2327 591 2387 tradam
604 2325 778 2386 memoriae.

126 2409 299 2471 Simonides
315 2410 397 2473 idem
410 2410 470 2486 ille,
486 2411 525 2471 de
541 2427 602 2486 quc
617 2409 727 2481 rettuli,
816 2464 822 2472 ,

82 2489 200 2555 Vi'ctori
213 2494 336 2554 laudem
351 2494 472 2556 cuidam
485 2504 598 2572 pyctae
611 2503 645 2556 ut
660 2492 815 2566 scriberet,

84 2580 172 2639 Certo
188 2579 358 2638 conductus
372 2579 470 2655 pretio
485 2586 637 2640 secretum
651 2576 734 2654 petit.

82 2662 202 2736 Exigua
217 2678 311 2738 quum
326 2663 459 2722 frenaret
472 2663 598 2723 materia
612 2663 766 2737 impetum,

82 2746 166 2806 Usus
180 2749 291 2821 poetae
304 2761 390 2807 more
404 2752 495 2806 estet
509 2746 629 2806 licentia

82 2832 185 2905 Atque
199 2829 381 2904 interposuit
394 2829 515 2904 gemina
527 2829 631 2889 Ledae
645 2827 756 2898 sidera,

82 2913 301 2973 Auctoritatem
316 2912 423 2973 similis
437 2913 574 2973 referens
589 2911 714 2988 gloriae.

83 2995 169 3072 Opus
184 2995 382 3072 adprobavit;
405 2997 463 3058 sed
476 2997 628 3057 mercedis
641 2996 760 3056 tertiam

82 3080 211 3156 Accepit
224 3086 351 3156 partem.
387 3079 485 3154 Quum
498 3082 644 3141 relicuum
659 3081 816 3154 poscerem

82 3165 138 3237 llli,
153 3164 260 3240 inquit,
275 3162 414 3235 reddent,
430 3179 561 3239 quorum
575 3170 647 3227 sunt
658 3159 760 3221 laudis
775 3157 867 3218 duae.

18 3322 22 3329 .
82 3248 206 3321 Vemm,
222 3253 308 3308 utne
322 3248 398 3305 irate
411 3252 441 3306 te
451 3247 617 3309 dimissum
630 3244 771 3314 sentiant

81 3331 133 3392 Ad
147 3346 254 3392 cenam
268 3329 340 3390 milri
355 3329 511 3405 promitte;
534 3335 682 3404 cognatos
698 3327 769 3387 volo

81 3408 183 3477 Hodie
196 3415 335 3490 invitare,
350 3429 480 3492 quorum
495 3429 530 3475 es
545 3413 576 3475 in
589 3427 716 3475 numero
731 3410 813 3472 milri.
