2326 3810
121 167 163 231 56
378 166 551 227 PHAEDRI
571 165 815 229 FABULARUM

32 315 36 319 ’
122 320 186 381 Sibi
200 321 230 379 in
245 317 398 379 sinistram
413 325 443 379 et
457 325 579 394 sputum
594 318 695 392 digitis
711 318 851 394 dissipat
991 310 1076 386 'io

120 405 182 477 Sic,
198 403 371 478 imperator,
388 403 468 462 oculi
483 403 692 462 exstillescant
705 403 774 476 mei,

21 546 27 560 ,
121 487 154 548 Si
169 487 234 546 vidi
248 492 300 546 aut
312 483 406 558 tetigi.
434 486 508 546 Tum
523 486 569 544 vir
583 487 675 545 animi
690 485 839 562 simplicis

120 572 155 630 ld
171 570 307 629 dedecus
323 576 493 629 castrorum
507 570 638 644 propelli
649 569 746 644 jobet,

119 655 181 714 Nec
197 654 308 713 cadere
322 653 353 711 in
368 653 452 711 illurn
466 653 562 712 credit
575 659 689 712 tantam
704 653 874 713 audaciam.

119 737 220 797 Breve
234 743 354 811 tempus
369 735 550 810 intercessit,
565 735 710 796 allidens
725 753 818 798 manu
1027 752 1072 806 *15

119 822 219 882 Unum
233 835 251 878 e
265 818 410 879 Romanis
424 819 615 892 provocabat
626 819 786 880 barbarus.

119 902 185 964 Sibi
201 904 333 978 quisque
346 904 465 973 metuit3
481 903 570 976 primi
586 905 748 963 mussitant
763 903 869 964 duces.

119 987 254 1047 Tandem
270 986 415 1045 cinaedus
430 986 543 1060 habitu,
559 988 615 1046 sed
630 986 712 1046 Mars
729 987 853 1062 viribus,

119 1072 192 1131 Adit
207 1071 364 1130 sedentem
377 1084 433 1144 pro
449 1069 590 1130 tribunali
605 1071 723 1144 ducem,
1088 1114 1092 1121 ,

118 1145 156 1213 Et
171 1170 247 1214 voce
261 1154 358 1213 molli:
379 1152 484 1212 Licet?
500 1153 662 1213 Enimvero
678 1154 748 1228 ejici
1035 1164 1071 1220 ao

119 1239 225 1298 Virum
240 1245 273 1297 ut
287 1237 317 1294 in
333 1252 365 1294 re
380 1235 474 1294 atroci
488 1235 617 1311 Magnus
633 1239 829 1298 stomachans
844 1239 984 1314 imperat.

118 1321 193 1380 Tum
209 1320 332 1395 quidam
348 1319 450 1377 senior
463 1334 503 1377 ex
517 1321 623 1380 amicis
638 1323 802 1397 principis:

119 1405 206 1464 Hunc
222 1419 279 1476 ego
295 1402 438 1461 committi
453 1403 548 1463 satius
563 1403 713 1463 Fortunae
727 1406 866 1478 arbitror,

120 1489 153 1545 ln
170 1503 230 1561 quo
243 1487 365 1561 Jaetura
379 1485 457 1545 levis
472 1493 527 1559 est,
542 1503 634 1560 quarn
648 1489 756 1548 sortem
772 1490 879 1563 virum,

120 1570 176 1644 Qui
192 1585 267 1631 casu
281 1570 379 1629 victus
394 1570 569 1630 temeritatis
584 1577 613 1629 te
629 1580 744 1646 arguat.

121 1655 265 1714 Assensit
278 1654 407 1728 Magnus
423 1661 452 1713 et
467 1654 605 1729 permisit
618 1656 702 1714 militi

118 1738 244 1799 Prodire
259 1745 377 1807 contra3
395 1739 446 1813 qui
461 1737 587 1797 mirante
601 1739 745 1813 exercitu,

119 1821 206 1880 Dicto
223 1822 351 1880 celerius
366 1821 464 1880 hostis
479 1821 610 1880 abscidit
624 1830 717 1898 caput

119 1905 286 1978 Victorque
301 1904 398 1963 rediit.
421 1905 476 1964 His
491 1911 561 1964 tuno
575 1905 740 1980 PompeJus
756 1914 864 1982 super:

121 1989 248 2060 Corona,
264 1988 360 2058 miles,
377 1988 519 2061 equidem
533 1994 562 2046 te
578 1988 659 2048 dono
675 1989 782 2062 libens,
1032 2000 1070 2054 30

121 2071 208 2144 Quod
223 2070 385 2130 vindicasti
399 2069 521 2129 laudem
535 2071 663 2131 Romani
678 2072 802 2148 imperi;
944 2064 949 2076 '

120 2152 183 2214 Sed
197 2154 403 2214 exstillescant
418 2155 498 2214 oculi
513 2155 566 2231 sic,
583 2157 688 2232 inquit,
703 2157 771 2229 mei,

44 2312 48 2319 Ι
119 2240 218 2314 Turpe
232 2239 306 2298 illud
320 2239 438 2299 imitans
451 2239 681 2315 jusjurandum
694 2241 805 2315 militis,

118 2323 182 2382 Nisi
197 2331 229 2382 tu
243 2322 393 2382 abstulisti
409 2324 546 2383 sarcinas
561 2340 659 2399 nuper
672 2340 767 2384 meaa.

161 2406 290 2465 Difficile
306 2423 396 2479 quam
412 2407 450 2466 sit
464 2407 616 2467 hominem
631 2423 725 2469 nosse
739 2407 789 2467 hie
804 2404 961 2469 discimus.
1033 2418 1069 2472 35

470 2542 645 2600 FABULA
664 2545 711 2599 IX.

328 2634 442 2716 turio,
464 2636 590 2700 vanus
610 2637 659 2699 ar
681 2636 850 2704 aarum

162 2740 257 2814 Quum
272 2738 440 2804 castitatem
454 2739 533 2800 Juno
548 2741 686 2801 laudaret
699 2758 787 2801 suam

118 2821 321 2884 iucunditatis
336 2838 439 2896 causa
455 2824 534 2884 hanc
547 2826 681 2900 reppulit
694 2826 810 2899 Venus,

118 2908 297 2982 Nullamque
309 2913 343 2966 ut
356 2907 520 2966 affirmaret
534 2923 604 2966 esse
619 2908 661 2966 illi
675 2923 789 2982 parem,

118 2993 328 3066 Interrogasse
343 2990 387 3049 sic
401 2990 543 3064 gallinam
559 2990 681 3050 dicitur:
800 3036 804 3043 ,

119 3075 174 3136 Dic
190 3077 293 3145 sodes,
310 3079 423 3148 quanto
438 3074 542 3149 possis
558 3074 660 3133 satiari
676 3073 755 3134 cibo.
1050 3085 1069 3140 o

35 3154 41 3167 '
119 3158 290 3234 Respondit
304 3158 369 3216 illa:
393 3158 544 3232 Quicquid
559 3158 691 3230 dederis,
707 3159 854 3220 satiserit

121 3241 180 3314 Sic,
197 3248 228 3301 ut
243 3241 396 3302 concedas
411 3242 543 3318 pedibus
558 3242 673 3317 aliquid
688 3243 838 3319 scalpere.

9 3336 16 3345 ’
111 3326 160 3383 lte
172 3325 307 3400 scalpas,
323 3325 430 3402 inquit,
447 3327 521 3388 satis
536 3334 585 3387 est
597 3328 719 3388 modius
733 3326 844 3388 triticit
901 3358 904 3363 -

92 3405 204 3484 Plane,
220 3408 319 3471 immo
334 3411 468 3478 cinnum
483 3419 544 3491 est,
559 3412 621 3474 sed
632 3410 776 3490 permitte
787 3410 940 3481 scalpere.
