<?xml version="1.0" encoding="UTF-8"?>
<!DOCTYPE html PUBLIC "-//W3C//DTD XHTML 1.0 Transitional//EN"
    "http://www.w3.org/TR/xhtml1/DTD/xhtml1-transitional.dtd">
<html xmlns="http://www.w3.org/1999/xhtml" xml:lang="en" lang="en">
 <head>
  <title>
</title>
<meta http-equiv="Content-Type" content="text/html;charset=utf-8" />
  <meta name='ocr-system' content='tesseract 3.04.00' />
  <meta name='ocr-capabilities' content='ocr_page ocr_carea ocr_par ocr_line ocrx_word'/>
</head>
<body>
  <div class='ocr_page' id='page_1' title='image "./phaedriaugustil02phaegoog_0087.png"; bbox 0 0 2326 3810; ppageno 0'>
   <div class='ocr_carea' id='block_1_1' title="bbox 144 180 836 251">
    <p class='ocr_par' dir='ltr' id='par_1_1' title="bbox 144 180 836 251">
     <span class='ocr_line' id='line_1_1' title="bbox 144 180 836 251; baseline -0.016 0"><span class='ocrx_word' id='word_1_1' title='bbox 144 187 185 251; x_wconf 75' lang='lat'><strong>⁶8</strong></span> <span class='ocrx_word' id='word_1_2' title='bbox 399 182 572 245; x_wconf 79' lang='lat' dir='ltr'>PHAEDRI</span> <span class='ocrx_word' id='word_1_3' title='bbox 592 180 836 244; x_wconf 85' lang='lat' dir='ltr'><strong>FABULARUM</strong></span> 
     </span>
    </p>
   </div>
   <div class='ocr_carea' id='block_1_2' title="bbox 143 333 1098 750">
    <p class='ocr_par' dir='ltr' id='par_1_2' title="bbox 146 333 928 415">
     <span class='ocr_line' id='line_1_2' title="bbox 146 333 928 415; baseline -0.008 -16"><span class='ocrx_word' id='word_1_4' title='bbox 146 339 201 414; x_wconf 80' lang='lat' dir='ltr'><strong>Qui</strong></span> <span class='ocrx_word' id='word_1_5' title='bbox 218 355 318 415; x_wconf 91' lang='lat' dir='ltr'><strong>quum,</strong></span> <span class='ocrx_word' id='word_1_6' title='bbox 334 354 372 398; x_wconf 89' lang='lat' dir='ltr'><strong>ne</strong></span> <span class='ocrx_word' id='word_1_7' title='bbox 386 343 580 414; x_wconf 78' lang='lat' dir='ltr'><strong>mergeretur,</strong></span> <span class='ocrx_word' id='word_1_8' title='bbox 593 335 696 395; x_wconf 79' lang='lat' dir='ltr'>valide</span> <span class='ocrx_word' id='word_1_9' title='bbox 710 333 857 406; x_wconf 77' lang='lat' dir='ltr'><strong>tonderet,</strong></span> <span class='ocrx_word' id='word_1_10' title='bbox 924 334 928 341; x_wconf 83' lang='lat'>&#39;</span> 
     </span>
    </p>

    <p class='ocr_par' dir='ltr' id='par_1_3' title="bbox 144 419 854 496">
     <span class='ocr_line' id='line_1_3' title="bbox 144 419 854 496; baseline -0.01 -13"><span class='ocrx_word' id='word_1_11' title='bbox 144 422 292 483; x_wconf 80' lang='lat' dir='ltr'><strong>Praedam</strong></span> <span class='ocrx_word' id='word_1_12' title='bbox 306 423 469 496; x_wconf 79' lang='lat' dir='ltr'>conspexit</span> <span class='ocrx_word' id='word_1_13' title='bbox 480 421 591 481; x_wconf 89' lang='lat' dir='ltr'><strong>miluus</strong></span> <span class='ocrx_word' id='word_1_14' title='bbox 605 425 731 492; x_wconf 88' lang='lat' dir='ltr'><strong>propter</strong></span> <span class='ocrx_word' id='word_1_15' title='bbox 743 419 854 480; x_wconf 86' lang='lat' dir='ltr'><strong>volans</strong></span> 
     </span>
    </p>

    <p class='ocr_par' dir='ltr' id='par_1_4' title="bbox 143 502 811 583">
     <span class='ocr_line' id='line_1_4' title="bbox 143 502 811 583; baseline -0.01 -17"><span class='ocrx_word' id='word_1_16' title='bbox 143 504 322 583; x_wconf 86' lang='lat' dir='ltr'><strong>Muremque</strong></span> <span class='ocrx_word' id='word_1_17' title='bbox 336 502 533 567; x_wconf 84' lang='lat' dir='ltr'><strong>fluctuantem</strong></span> <span class='ocrx_word' id='word_1_18' title='bbox 546 506 648 579; x_wconf 85' lang='lat' dir='ltr'><strong>rapuit</strong></span> <span class='ocrx_word' id='word_1_19' title='bbox 658 502 811 576; x_wconf 73' lang='lat' dir='ltr'><strong>unguibus</strong></span> 
     </span>
    </p>

    <p class='ocr_par' dir='ltr' id='par_1_5' title="bbox 145 586 1098 750">
     <span class='ocr_line' id='line_1_5' title="bbox 145 586 1098 673; baseline -0.004 -23"><span class='ocrx_word' id='word_1_20' title='bbox 145 588 301 665; x_wconf 83' lang='lat' dir='ltr'>Simulque</span> <span class='ocrx_word' id='word_1_21' title='bbox 314 607 420 650; x_wconf 91' lang='lat' dir='ltr'><strong>ranam</strong></span> <span class='ocrx_word' id='word_1_22' title='bbox 434 589 605 663; x_wconf 83' lang='lat' dir='ltr'><strong>colligatam</strong></span> <span class='ocrx_word' id='word_1_23' title='bbox 619 586 750 646; x_wconf 84' lang='lat' dir='ltr'><strong>sustulit</strong></span> <span class='ocrx_word' id='word_1_24' title='bbox 983 663 989 673; x_wconf 88' lang='lat'>.</span> <span class='ocrx_word' id='word_1_25' title='bbox 1064 595 1098 647; x_wconf 85' lang='lat' dir='ltr'><strong>to</strong></span> 
     </span>
     <span class='ocr_line' id='line_1_6' title="bbox 187 669 920 750; baseline -0.01 -16"><span class='ocrx_word' id='word_1_26' title='bbox 187 673 239 734; x_wconf 84' lang='lat' dir='ltr'><strong>Sto</strong></span> <span class='ocrx_word' id='word_1_27' title='bbox 253 689 349 750; x_wconf 89' lang='lat' dir='ltr'><strong>saepe</strong></span> <span class='ocrx_word' id='word_1_28' title='bbox 362 675 513 733; x_wconf 87' lang='lat' dir='ltr'><strong>intereunt</strong></span> <span class='ocrx_word' id='word_1_29' title='bbox 525 671 592 730; x_wconf 90' lang='lat' dir='ltr'><strong>aliis</strong></span> <span class='ocrx_word' id='word_1_30' title='bbox 606 669 789 730; x_wconf 79' lang='lat' dir='ltr'><strong>meditantes</strong></span> <span class='ocrx_word' id='word_1_31' title='bbox 804 682 920 729; x_wconf 81' lang='lat' dir='ltr'><strong>necem</strong></span> 
     </span>
    </p>
   </div>
   <div class='ocr_carea' id='block_1_3' title="bbox 364 806 888 979">
    <p class='ocr_par' dir='ltr' id='par_1_6' title="bbox 364 806 888 979">
     <span class='ocr_line' id='line_1_7' title="bbox 492 806 888 891; baseline 0.003 -29"><span class='ocrx_word' id='word_1_32' title='bbox 492 806 671 865; x_wconf 78' lang='lat' dir='ltr'><strong>rasura</strong></span> <span class='ocrx_word' id='word_1_33' title='bbox 690 807 739 863; x_wconf 84' lang='lat' dir='ltr'><strong>vr.</strong></span> <span class='ocrx_word' id='word_1_34' title='bbox 884 885 888 891; x_wconf 11' lang='grc' dir='ltr'>ὓ</span> 
     </span>
     <span class='ocr_line' id='line_1_8' title="bbox 364 898 873 979; baseline 0 -17"><span class='ocrx_word' id='word_1_35' title='bbox 364 898 471 962; x_wconf 80' lang='lat' dir='ltr'><strong>eatur</strong></span> <span class='ocrx_word' id='word_1_36' title='bbox 492 901 571 962; x_wconf 85' lang='lat' dir='ltr'><strong>nuo</strong></span> <span class='ocrx_word' id='word_1_37' title='bbox 587 901 641 979; x_wconf 81' lang='lat' dir='ltr'><strong>nr</strong></span> <span class='ocrx_word' id='word_1_38' title='bbox 661 899 873 963; x_wconf 77' lang='lat' dir='ltr'><strong>noemma</strong></span> 
     </span>
    </p>
   </div>
   <div class='ocr_carea' id='block_1_4' title="bbox 144 986 940 1331">
    <p class='ocr_par' dir='ltr' id='par_1_7' title="bbox 144 986 940 1331">
     <span class='ocr_line' id='line_1_9' title="bbox 187 986 940 1080; baseline -0.007 -13"><span class='ocrx_word' id='word_1_39' title='bbox 187 1008 290 1067; x_wconf 85' lang='lat' dir='ltr'><strong>Gallus</strong></span> <span class='ocrx_word' id='word_1_40' title='bbox 306 1021 398 1080; x_wconf 88' lang='lat' dir='ltr'><strong>quum</strong></span> <span class='ocrx_word' id='word_1_41' title='bbox 412 1005 492 1079; x_wconf 76' lang='lat' dir='ltr'><strong>gallo</strong></span> <span class='ocrx_word' id='word_1_42' title='bbox 508 1020 602 1080; x_wconf 84' lang='lat' dir='ltr'><strong>saepe</strong></span> <span class='ocrx_word' id='word_1_43' title='bbox 616 986 940 1080; x_wconf 74' lang='lat' dir='ltr'><strong>pugnam&#39;intenderet,</strong></span> 
     </span>
     <span class='ocr_line' id='line_1_10' title="bbox 148 1087 831 1165; baseline -0.01 -13"><span class='ocrx_word' id='word_1_44' title='bbox 148 1091 252 1152; x_wconf 82' lang='lat' dir='ltr'><strong>Victus</strong></span> <span class='ocrx_word' id='word_1_45' title='bbox 267 1088 393 1165; x_wconf 87' lang='lat' dir='ltr'><strong>requirit</strong></span> <span class='ocrx_word' id='word_1_46' title='bbox 406 1087 581 1164; x_wconf 84' lang='lat' dir='ltr'><strong>accipitrem</strong></span> <span class='ocrx_word' id='word_1_47' title='bbox 595 1088 654 1148; x_wconf 87' lang='lat' dir='ltr'><strong>sibi</strong></span> <span class='ocrx_word' id='word_1_48' title='bbox 668 1087 831 1148; x_wconf 86' lang='lat' dir='ltr'><strong>vindicem.</strong></span> 
     </span>
     <span class='ocr_line' id='line_1_11' title="bbox 144 1169 802 1248; baseline -0.006 -14"><span class='ocrx_word' id='word_1_49' title='bbox 144 1178 186 1238; x_wconf 88' lang='lat' dir='ltr'><strong>At</strong></span> <span class='ocrx_word' id='word_1_50' title='bbox 198 1175 248 1234; x_wconf 89' lang='lat' dir='ltr'><strong>hie</strong></span> <span class='ocrx_word' id='word_1_51' title='bbox 263 1169 414 1248; x_wconf 86' lang='lat' dir='ltr'><strong>sperabat,</strong></span> <span class='ocrx_word' id='word_1_52' title='bbox 430 1177 472 1244; x_wconf 91' lang='lat' dir='ltr'><strong>ut,</strong></span> <span class='ocrx_word' id='word_1_53' title='bbox 489 1173 516 1231; x_wconf 88' lang='lat' dir='ltr'><strong>si</strong></span> <span class='ocrx_word' id='word_1_54' title='bbox 532 1172 690 1232; x_wconf 90' lang='lat' dir='ltr'><strong>venissent</strong></span> <span class='ocrx_word' id='word_1_55' title='bbox 703 1172 802 1243; x_wconf 89' lang='lat' dir='ltr'><strong>simul,</strong></span> 
     </span>
     <span class='ocr_line' id='line_1_12' title="bbox 144 1253 818 1331; baseline -0.007 -13"><span class='ocrx_word' id='word_1_56' title='bbox 144 1260 232 1318; x_wconf 91' lang='lat' dir='ltr'><strong>lluno</strong></span> <span class='ocrx_word' id='word_1_57' title='bbox 248 1257 418 1325; x_wconf 88' lang='lat' dir='ltr'><strong>devoraret,</strong></span> <span class='ocrx_word' id='word_1_58' title='bbox 435 1255 487 1330; x_wconf 89' lang='lat' dir='ltr'><strong>qui</strong></span> <span class='ocrx_word' id='word_1_59' title='bbox 502 1253 659 1315; x_wconf 88' lang='lat' dir='ltr'><strong>exhiberet</strong></span> <span class='ocrx_word' id='word_1_60' title='bbox 672 1271 708 1316; x_wconf 91' lang='lat' dir='ltr'><strong>se</strong></span> <span class='ocrx_word' id='word_1_61' title='bbox 721 1255 818 1331; x_wconf 87' lang='lat' dir='ltr'><strong>prius.</strong></span> 
     </span>
    </p>
   </div>
   <div class='ocr_carea' id='block_1_5' title="bbox 28 1339 1095 1415">
    <p class='ocr_par' dir='ltr' id='par_1_8' title="bbox 28 1339 1095 1415">
     <span class='ocr_line' id='line_1_13' title="bbox 28 1339 1095 1415; baseline -0.005 -14"><span class='ocrx_word' id='word_1_62' title='bbox 28 1351 38 1362; x_wconf 37' lang='lat' dir='ltr'><strong><em>V</em></strong></span> <span class='ocrx_word' id='word_1_63' title='bbox 144 1342 218 1400; x_wconf 87' lang='lat' dir='ltr'><strong>lliox</strong></span> <span class='ocrx_word' id='word_1_64' title='bbox 233 1356 328 1415; x_wconf 91' lang='lat' dir='ltr'><strong>quum</strong></span> <span class='ocrx_word' id='word_1_65' title='bbox 340 1339 508 1413; x_wconf 86' lang='lat' dir='ltr'><strong>venissent,</strong></span> <span class='ocrx_word' id='word_1_66' title='bbox 521 1344 556 1400; x_wconf 90' lang='lat' dir='ltr'><strong>ut</strong></span> <span class='ocrx_word' id='word_1_67' title='bbox 570 1353 682 1399; x_wconf 90' lang='lat' dir='ltr'><strong>causas</strong></span> <span class='ocrx_word' id='word_1_68' title='bbox 697 1343 894 1415; x_wconf 86' lang='lat' dir='ltr'><strong>exponerent,</strong></span> <span class='ocrx_word' id='word_1_69' title='bbox 1079 1345 1095 1397; x_wconf 84' lang='lat'><strong>5</strong></span> 
     </span>
    </p>
   </div>
   <div class='ocr_carea' id='block_1_6' title="bbox 142 1423 849 1668">
    <p class='ocr_par' dir='ltr' id='par_1_9' title="bbox 142 1423 849 1668">
     <span class='ocr_line' id='line_1_14' title="bbox 143 1423 849 1499; baseline -0.001 -16"><span class='ocrx_word' id='word_1_70' title='bbox 143 1423 299 1499; x_wconf 84' lang='lat' dir='ltr'><strong>Accipiter</strong></span> <span class='ocrx_word' id='word_1_71' title='bbox 311 1423 413 1498; x_wconf 92' lang='lat' dir='ltr'><strong>ipsum</strong></span> <span class='ocrx_word' id='word_1_72' title='bbox 428 1423 665 1496; x_wconf 88' lang='lat' dir='ltr'><strong>comprehendit,</strong></span> <span class='ocrx_word' id='word_1_73' title='bbox 681 1423 734 1498; x_wconf 91' lang='lat' dir='ltr'><strong>qui</strong></span> <span class='ocrx_word' id='word_1_74' title='bbox 749 1423 849 1482; x_wconf 84' lang='lat' dir='ltr'><strong>iorum</strong></span> 
     </span>
     <span class='ocr_line' id='line_1_15' title="bbox 142 1505 839 1582; baseline -0.01 -15"><span class='ocrx_word' id='word_1_75' title='bbox 142 1507 243 1568; x_wconf 82' lang='lat' dir='ltr'><strong>Primo</strong></span> <span class='ocrx_word' id='word_1_76' title='bbox 257 1507 394 1582; x_wconf 90' lang='lat' dir='ltr'><strong>petierat.</strong></span> <span class='ocrx_word' id='word_1_77' title='bbox 423 1506 527 1566; x_wconf 86' lang='lat' dir='ltr'><strong>Gallus</strong></span> <span class='ocrx_word' id='word_1_78' title='bbox 543 1506 653 1566; x_wconf 86' lang='lat' dir='ltr'><strong>elamat</strong></span> <span class='ocrx_word' id='word_1_79' title='bbox 665 1505 839 1582; x_wconf 79' lang='lat' dir='ltr'><strong>improbus=</strong></span> 
     </span>
     <span class='ocr_line' id='line_1_16' title="bbox 143 1589 833 1668; baseline -0.001 -17"><span class='ocrx_word' id='word_1_80' title='bbox 143 1591 188 1652; x_wconf 90' lang='lat' dir='ltr'><strong>Ne</strong></span> <span class='ocrx_word' id='word_1_81' title='bbox 202 1591 319 1668; x_wconf 84' lang='lat' dir='ltr'><strong>plectar</strong></span> <span class='ocrx_word' id='word_1_82' title='bbox 333 1604 400 1664; x_wconf 79' lang='lat' dir='ltr'><strong>ego,</strong></span> <span class='ocrx_word' id='word_1_83' title='bbox 417 1590 474 1650; x_wconf 89' lang='lat' dir='ltr'><strong>sed</strong></span> <span class='ocrx_word' id='word_1_84' title='bbox 488 1589 547 1661; x_wconf 91' lang='lat' dir='ltr'><strong>ille,</strong></span> <span class='ocrx_word' id='word_1_85' title='bbox 564 1589 617 1665; x_wconf 91' lang='lat' dir='ltr'><strong>qui</strong></span> <span class='ocrx_word' id='word_1_86' title='bbox 631 1591 735 1664; x_wconf 79' lang='lat' dir='ltr'><strong>fugam</strong></span> <span class='ocrx_word' id='word_1_87' title='bbox 749 1589 833 1665; x_wconf 80' lang='lat' dir='ltr'><strong>petit.</strong></span> 
     </span>
    </p>
   </div>
   <div class='ocr_carea' id='block_1_7' title="bbox 95 1673 816 1749">
    <p class='ocr_par' dir='ltr' id='par_1_10' title="bbox 95 1673 816 1749">
     <span class='ocr_line' id='line_1_17' title="bbox 95 1673 816 1749; baseline -0.001 -15"><span class='ocrx_word' id='word_1_88' title='bbox 95 1694 102 1710; x_wconf 58' lang='lat'><em>1</em></span> <span class='ocrx_word' id='word_1_89' title='bbox 145 1675 201 1735; x_wconf 83' lang='lat' dir='ltr'><strong>Cui</strong></span> <span class='ocrx_word' id='word_1_90' title='bbox 214 1676 294 1734; x_wconf 86' lang='lat' dir='ltr'><strong>ales=</strong></span> <span class='ocrx_word' id='word_1_91' title='bbox 315 1673 416 1733; x_wconf 86' lang='lat' dir='ltr'><strong>Hodie</strong></span> <span class='ocrx_word' id='word_1_92' title='bbox 430 1689 469 1733; x_wconf 92' lang='lat' dir='ltr'><strong>ne</strong></span> <span class='ocrx_word' id='word_1_93' title='bbox 484 1674 593 1733; x_wconf 89' lang='lat' dir='ltr'><strong>credas</strong></span> <span class='ocrx_word' id='word_1_94' title='bbox 608 1689 648 1733; x_wconf 86' lang='lat' dir='ltr'><strong>ex</strong></span> <span class='ocrx_word' id='word_1_95' title='bbox 662 1673 816 1749; x_wconf 78' lang='lat' dir='ltr'><strong>unguibus</strong></span> 
     </span>
    </p>
   </div>
   <div class='ocr_carea' id='block_1_8' title="bbox 67 3516 96 3584">
    <p class='ocr_par' dir='ltr' id='par_1_11' title="bbox 67 3516 96 3584">
     <span class='ocr_line' id='line_1_18' title="bbox 67 3516 96 3584; baseline 0 0"><span class='ocrx_word' id='word_1_96' title='bbox 67 3516 96 3584; x_wconf 78' lang='grc' dir='ltr'>Ι</span> 
     </span>
    </p>
   </div>
   <div class='ocr_carea' id='block_1_9' title="bbox 143 1756 1096 2083">
    <p class='ocr_par' dir='ltr' id='par_1_12' title="bbox 143 1756 1096 1918">
     <span class='ocr_line' id='line_1_19' title="bbox 143 1756 1096 1834; baseline 0.002 -17"><span class='ocrx_word' id='word_1_97' title='bbox 143 1756 321 1818; x_wconf 78' lang='lat' dir='ltr'><strong>&#39;deliberari</strong></span> <span class='ocrx_word' id='word_1_98' title='bbox 336 1757 539 1832; x_wconf 78' lang='lat' dir='ltr'><strong>possemeis3</strong></span> <span class='ocrx_word' id='word_1_99' title='bbox 556 1771 640 1833; x_wconf 77' lang='lat' dir='ltr'><strong>quos</strong></span> <span class='ocrx_word' id='word_1_100' title='bbox 656 1757 742 1817; x_wconf 89' lang='lat' dir='ltr'><strong>alteri</strong></span> <span class='ocrx_word' id='word_1_101' title='bbox 933 1822 937 1829; x_wconf 62' lang='grc'><em>,</em></span> <span class='ocrx_word' id='word_1_102' title='bbox 1046 1768 1096 1834; x_wconf 77' lang='grc' dir='ltr'><strong>Ι10</strong></span> 
     </span>
     <span class='ocr_line' id='line_1_20' title="bbox 143 1839 966 1918; baseline -0.001 -18"><span class='ocrx_word' id='word_1_103' title='bbox 143 1841 240 1901; x_wconf 86' lang='lat' dir='ltr'><strong>Delos</strong></span> <span class='ocrx_word' id='word_1_104' title='bbox 254 1839 413 1915; x_wconf 85' lang='lat' dir='ltr'><strong>tendebas,</strong></span> <span class='ocrx_word' id='word_1_105' title='bbox 429 1855 561 1915; x_wconf 88' lang='lat' dir='ltr'><strong>aequum</strong></span> <span class='ocrx_word' id='word_1_106' title='bbox 576 1847 624 1902; x_wconf 90' lang='lat' dir='ltr'><strong>est</strong></span> <span class='ocrx_word' id='word_1_107' title='bbox 637 1856 719 1901; x_wconf 89' lang='lat' dir='ltr'><strong>nuno</strong></span> <span class='ocrx_word' id='word_1_108' title='bbox 732 1848 764 1901; x_wconf 82' lang='lat' dir='ltr'><strong>te</strong></span> <span class='ocrx_word' id='word_1_109' title='bbox 777 1840 878 1916; x_wconf 90' lang='lat' dir='ltr'><strong>ipsum</strong></span> <span class='ocrx_word' id='word_1_110' title='bbox 893 1841 966 1918; x_wconf 89' lang='lat' dir='ltr'><strong>pati.</strong></span> 
     </span>
    </p>

    <p class='ocr_par' dir='ltr' id='par_1_13' title="bbox 143 1924 869 2083">
     <span class='ocr_line' id='line_1_21' title="bbox 187 1924 869 1998; baseline 0.003 -15"><span class='ocrx_word' id='word_1_111' title='bbox 187 1924 243 1997; x_wconf 84' lang='lat' dir='ltr'><strong>Qui</strong></span> <span class='ocrx_word' id='word_1_112' title='bbox 258 1939 353 1998; x_wconf 88' lang='lat' dir='ltr'><strong>saepe</strong></span> <span class='ocrx_word' id='word_1_113' title='bbox 367 1930 476 1983; x_wconf 87' lang='lat' dir='ltr'><strong>tractat</strong></span> <span class='ocrx_word' id='word_1_114' title='bbox 490 1924 619 1984; x_wconf 88' lang='lat' dir='ltr'><strong>aliorum</strong></span> <span class='ocrx_word' id='word_1_115' title='bbox 634 1940 740 1985; x_wconf 91' lang='lat' dir='ltr'><strong>secum</strong></span> <span class='ocrx_word' id='word_1_116' title='bbox 752 1940 869 1997; x_wconf 87' lang='lat' dir='ltr'><strong>necem,</strong></span> 
     </span>
     <span class='ocr_line' id='line_1_22' title="bbox 143 2006 756 2083; baseline 0.002 -19"><span class='ocrx_word' id='word_1_117' title='bbox 143 2008 273 2081; x_wconf 84' lang='lat' dir='ltr'><strong>Ignorat,</strong></span> <span class='ocrx_word' id='word_1_118' title='bbox 289 2007 374 2067; x_wconf 91' lang='lat' dir='ltr'><strong>triste</strong></span> <span class='ocrx_word' id='word_1_119' title='bbox 390 2007 464 2082; x_wconf 91' lang='lat' dir='ltr'><strong>quid</strong></span> <span class='ocrx_word' id='word_1_120' title='bbox 478 2006 537 2067; x_wconf 92' lang='lat' dir='ltr'><strong>sibi</strong></span> <span class='ocrx_word' id='word_1_121' title='bbox 552 2009 646 2068; x_wconf 86' lang='lat' dir='ltr'><strong>tatum</strong></span> <span class='ocrx_word' id='word_1_122' title='bbox 660 2014 756 2083; x_wconf 90' lang='lat' dir='ltr'><strong>paret.</strong></span> 
     </span>
    </p>
   </div>
   <div class='ocr_carea' id='block_1_10' title="bbox 491 2145 747 2203">
    <p class='ocr_par' dir='ltr' id='par_1_14' title="bbox 491 2145 747 2203">
     <span class='ocr_line' id='line_1_23' title="bbox 491 2145 747 2203; baseline -0.004 -2"><span class='ocrx_word' id='word_1_123' title='bbox 491 2145 668 2203; x_wconf 83' lang='lat' dir='ltr'>FABULA</span> <span class='ocrx_word' id='word_1_124' title='bbox 687 2147 747 2201; x_wconf 87' lang='lat' dir='ltr'><strong>VII.</strong></span> 
     </span>
    </p>
   </div>
   <div class='ocr_carea' id='block_1_11' title="bbox 340 2225 890 2304">
    <p class='ocr_par' dir='ltr' id='par_1_15' title="bbox 340 2225 890 2304">
     <span class='ocr_line' id='line_1_24' title="bbox 340 2225 890 2304; baseline 0.007 -4"><span class='ocrx_word' id='word_1_125' title='bbox 340 2225 667 2303; x_wconf 68' lang='lat' dir='ltr'><strong>doctitanter</strong></span> <span class='ocrx_word' id='word_1_126' title='bbox 701 2240 890 2304; x_wconf 79' lang='lat' dir='ltr'><strong>SIMIUS.</strong></span> 
     </span>
    </p>
   </div>
   <div class='ocr_carea' id='block_1_12' title="bbox 142 2340 953 2584">
    <p class='ocr_par' dir='ltr' id='par_1_16' title="bbox 142 2340 953 2584">
     <span class='ocr_line' id='line_1_25' title="bbox 186 2340 953 2420; baseline 0.004 -20"><span class='ocrx_word' id='word_1_127' title='bbox 186 2340 318 2415; x_wconf 88' lang='lat' dir='ltr'><strong>Speculo</strong></span> <span class='ocrx_word' id='word_1_128' title='bbox 333 2347 454 2415; x_wconf 91' lang='lat' dir='ltr'><strong>reperto</strong></span> <span class='ocrx_word' id='word_1_129' title='bbox 471 2340 621 2402; x_wconf 85' lang='lat' dir='ltr'><strong>delectata</strong></span> <span class='ocrx_word' id='word_1_130' title='bbox 635 2342 763 2402; x_wconf 87' lang='lat' dir='ltr'><strong>cochlea</strong></span> <span class='ocrx_word' id='word_1_131' title='bbox 950 2413 953 2420; x_wconf 25' lang='lat'><strong>¹</strong></span> 
     </span>
     <span class='ocr_line' id='line_1_26' title="bbox 142 2422 880 2503; baseline 0.004 -21"><span class='ocrx_word' id='word_1_132' title='bbox 142 2422 318 2496; x_wconf 76' lang='lat' dir='ltr'><strong>Fulgentem</strong></span> <span class='ocrx_word' id='word_1_133' title='bbox 334 2423 504 2482; x_wconf 87' lang='lat' dir='ltr'><strong>ascendens</strong></span> <span class='ocrx_word' id='word_1_134' title='bbox 521 2423 625 2485; x_wconf 88' lang='lat' dir='ltr'><strong>orbem</strong></span> <span class='ocrx_word' id='word_1_135' title='bbox 641 2426 742 2503; x_wconf 88' lang='lat' dir='ltr'><strong>coepit</strong></span> <span class='ocrx_word' id='word_1_136' title='bbox 756 2427 880 2502; x_wconf 81' lang='lat' dir='ltr'><strong>lingere.</strong></span> 
     </span>
     <span class='ocr_line' id='line_1_27' title="bbox 142 2504 760 2584; baseline 0.013 -22"><span class='ocrx_word' id='word_1_137' title='bbox 142 2505 189 2562; x_wconf 92' lang='lat' dir='ltr'><strong>Nil</strong></span> <span class='ocrx_word' id='word_1_138' title='bbox 204 2520 278 2564; x_wconf 87' lang='lat' dir='ltr'><strong>vero</strong></span> <span class='ocrx_word' id='word_1_139' title='bbox 295 2504 363 2564; x_wconf 89' lang='lat' dir='ltr'><strong>visa</strong></span> <span class='ocrx_word' id='word_1_140' title='bbox 378 2511 426 2565; x_wconf 91' lang='lat' dir='ltr'><strong>est</strong></span> <span class='ocrx_word' id='word_1_141' title='bbox 440 2507 608 2567; x_wconf 85' lang='lat' dir='ltr'><strong>contulisse</strong></span> <span class='ocrx_word' id='word_1_142' title='bbox 621 2509 760 2584; x_wconf 89' lang='lat' dir='ltr'><strong>laminae,</strong></span> 
     </span>
    </p>
   </div>
   <div class='ocr_carea' id='block_1_13' title="bbox 141 2587 1096 2834">
    <p class='ocr_par' dir='ltr' id='par_1_17' title="bbox 141 2587 1096 2834">
     <span class='ocr_line' id='line_1_28' title="bbox 141 2587 861 2665; baseline 0.008 -18"><span class='ocrx_word' id='word_1_143' title='bbox 141 2588 207 2648; x_wconf 87' lang='lat' dir='ltr'><strong>Nisi</strong></span> <span class='ocrx_word' id='word_1_144' title='bbox 221 2594 254 2650; x_wconf 93' lang='lat' dir='ltr'><strong>ut</strong></span> <span class='ocrx_word' id='word_1_145' title='bbox 269 2588 465 2664; x_wconf 90' lang='lat' dir='ltr'><strong>splendorem</strong></span> <span class='ocrx_word' id='word_1_146' title='bbox 480 2587 526 2648; x_wconf 87' lang='lat' dir='ltr'><strong>stc</strong></span> <span class='ocrx_word' id='word_1_147' title='bbox 539 2590 691 2665; x_wconf 87' lang='lat' dir='ltr'><strong>pollueret</strong></span> <span class='ocrx_word' id='word_1_148' title='bbox 705 2593 861 2656; x_wconf 89' lang='lat' dir='ltr'><strong>sordibus.</strong></span> 
     </span>
     <span class='ocr_line' id='line_1_29' title="bbox 142 2671 1096 2748; baseline 0.015 -19"><span class='ocrx_word' id='word_1_149' title='bbox 142 2672 177 2731; x_wconf 92' lang='lat' dir='ltr'><strong>ld</strong></span> <span class='ocrx_word' id='word_1_150' title='bbox 191 2671 382 2748; x_wconf 86' lang='lat' dir='ltr'><strong>inquinatum</strong></span> <span class='ocrx_word' id='word_1_151' title='bbox 395 2678 560 2748; x_wconf 85' lang='lat' dir='ltr'><strong>postquam</strong></span> <span class='ocrx_word' id='word_1_152' title='bbox 575 2673 690 2739; x_wconf 87' lang='lat' dir='ltr'><strong>invenit</strong></span> <span class='ocrx_word' id='word_1_153' title='bbox 705 2677 827 2740; x_wconf 74' lang='lat' dir='ltr'><strong>simiusr</strong></span> <span class='ocrx_word' id='word_1_154' title='bbox 1078 2690 1096 2743; x_wconf 77' lang='lat' dir='ltr'><strong>o</strong></span> 
     </span>
     <span class='ocr_line' id='line_1_30' title="bbox 144 2754 986 2834; baseline 0.012 -20"><span class='ocrx_word' id='word_1_155' title='bbox 144 2754 201 2827; x_wconf 81' lang='lat' dir='ltr'><strong>Qui</strong></span> <span class='ocrx_word' id='word_1_156' title='bbox 216 2771 251 2815; x_wconf 91' lang='lat' dir='ltr'><strong>se</strong></span> <span class='ocrx_word' id='word_1_157' title='bbox 265 2756 376 2816; x_wconf 88' lang='lat' dir='ltr'><strong>calcari</strong></span> <span class='ocrx_word' id='word_1_158' title='bbox 390 2757 502 2817; x_wconf 90' lang='lat' dir='ltr'><strong>talibus</strong></span> <span class='ocrx_word' id='word_1_159' title='bbox 516 2759 698 2834; x_wconf 86' lang='lat' dir='ltr'><strong>permiserit,</strong></span> <span class='ocrx_word' id='word_1_160' title='bbox 981 2781 986 2786; x_wconf 60' lang='grc'><strong>“</strong></span> 
     </span>
    </p>
   </div>
   <div class='ocr_carea' id='block_1_14' title="bbox 31 2837 718 2919">
    <p class='ocr_par' dir='ltr' id='par_1_18' title="bbox 31 2837 718 2919">
     <span class='ocr_line' id='line_1_31' title="bbox 31 2837 718 2919; baseline 0.013 -24"><span class='ocrx_word' id='word_1_161' title='bbox 31 2862 33 2866; x_wconf 53' lang='lat'>&gt;</span> <span class='ocrx_word' id='word_1_162' title='bbox 141 2837 282 2913; x_wconf 87' lang='lat' dir='ltr'><strong>Meretur,</strong></span> <span class='ocrx_word' id='word_1_163' title='bbox 293 2839 403 2915; x_wconf 84' lang='lat' dir='ltr'><strong>inquil,</strong></span> <span class='ocrx_word' id='word_1_164' title='bbox 417 2841 479 2900; x_wconf 87' lang='lat' dir='ltr'><strong>tale</strong></span> <span class='ocrx_word' id='word_1_165' title='bbox 494 2840 630 2903; x_wconf 90' lang='lat' dir='ltr'><strong>dedecus</strong></span> <span class='ocrx_word' id='word_1_166' title='bbox 644 2844 718 2919; x_wconf 87' lang='lat' dir='ltr'><strong>pati.</strong></span> 
     </span>
    </p>
   </div>
   <div class='ocr_carea' id='block_1_15' title="bbox 141 2920 804 3083">
    <p class='ocr_par' dir='ltr' id='par_1_19' title="bbox 141 2920 804 3083">
     <span class='ocr_line' id='line_1_32' title="bbox 182 2920 804 3001; baseline 0.006 -19"><span class='ocrx_word' id='word_1_167' title='bbox 182 2921 267 2983; x_wconf 90' lang='lat' dir='ltr'><strong>Haec</strong></span> <span class='ocrx_word' id='word_1_168' title='bbox 281 2923 340 2984; x_wconf 91' lang='lat' dir='ltr'><strong>illis</strong></span> <span class='ocrx_word' id='word_1_169' title='bbox 355 2929 403 2983; x_wconf 90' lang='lat' dir='ltr'><strong>est</strong></span> <span class='ocrx_word' id='word_1_170' title='bbox 416 2920 530 2982; x_wconf 82' lang='lat' dir='ltr'><strong>tabella</strong></span> <span class='ocrx_word' id='word_1_171' title='bbox 544 2927 660 2999; x_wconf 85' lang='lat' dir='ltr'><strong>scripto</strong></span> <span class='ocrx_word' id='word_1_172' title='bbox 673 2925 804 3001; x_wconf 87' lang='lat' dir='ltr'><strong>leminis,</strong></span> 
     </span>
     <span class='ocr_line' id='line_1_33' title="bbox 141 3004 800 3083; baseline 0.009 -19"><span class='ocrx_word' id='word_1_173' title='bbox 141 3005 255 3081; x_wconf 87' lang='lat' dir='ltr'><strong>ineptis</strong></span> <span class='ocrx_word' id='word_1_174' title='bbox 272 3023 351 3083; x_wconf 84' lang='lat' dir='ltr'><strong>quae</strong></span> <span class='ocrx_word' id='word_1_175' title='bbox 365 3021 401 3067; x_wconf 87' lang='lat' dir='ltr'><strong>se</strong></span> <span class='ocrx_word' id='word_1_176' title='bbox 411 3004 545 3079; x_wconf 76' lang='lat' dir='ltr'><strong>Jungunt</strong></span> <span class='ocrx_word' id='word_1_177' title='bbox 557 3013 589 3067; x_wconf 90' lang='lat' dir='ltr'><strong>et</strong></span> <span class='ocrx_word' id='word_1_178' title='bbox 602 3009 702 3069; x_wconf 85' lang='lat' dir='ltr'><strong>stultis</strong></span> <span class='ocrx_word' id='word_1_179' title='bbox 716 3009 800 3071; x_wconf 87' lang='lat' dir='ltr'><strong>viris.</strong></span> 
     </span>
    </p>
   </div>
   <div class='ocr_carea' id='block_1_16' title="bbox 403 3130 743 3202">
    <p class='ocr_par' dir='ltr' id='par_1_20' title="bbox 403 3130 743 3202">
     <span class='ocr_line' id='line_1_34' title="bbox 403 3130 743 3202; baseline 0.006 -4"><span class='ocrx_word' id='word_1_180' title='bbox 403 3130 410 3159; x_wconf 78' lang='lat'>⁵</span> <span class='ocrx_word' id='word_1_181' title='bbox 478 3143 653 3202; x_wconf 70' lang='lat' dir='ltr'><strong>FABULA</strong></span> <span class='ocrx_word' id='word_1_182' title='bbox 672 3146 743 3200; x_wconf 81' lang='lat' dir='ltr'><strong>vin.</strong></span> 
     </span>
    </p>
   </div>
   <div class='ocr_carea' id='block_1_17' title="bbox 182 3212 894 3411">
    <p class='ocr_par' dir='ltr' id='par_1_21' title="bbox 182 3212 894 3411">
     <span class='ocr_line' id='line_1_35' title="bbox 333 3212 894 3304; baseline 0.007 -4"><span class='ocrx_word' id='word_1_183' title='bbox 333 3239 410 3301; x_wconf 86' lang='lat' dir='ltr'><strong>uus</strong></span> <span class='ocrx_word' id='word_1_184' title='bbox 431 3232 607 3302; x_wconf 74' lang='lat' dir='ltr'><strong>meinos</strong></span> <span class='ocrx_word' id='word_1_185' title='bbox 625 3238 676 3301; x_wconf 80' lang='lat' dir='ltr'><strong>ter</strong></span> <span class='ocrx_word' id='word_1_186' title='bbox 695 3212 894 3304; x_wconf 79' lang='lat' dir='ltr'><strong>nosrtoos</strong></span> 
     </span>
     <span class='ocr_line' id='line_1_36' title="bbox 182 3335 850 3411; baseline 0.01 -18"><span class='ocrx_word' id='word_1_187' title='bbox 182 3335 322 3410; x_wconf 85' lang='lat' dir='ltr'><strong>Hospitio</strong></span> <span class='ocrx_word' id='word_1_188' title='bbox 338 3338 493 3411; x_wconf 86' lang='lat' dir='ltr'><strong>quondam</strong></span> <span class='ocrx_word' id='word_1_189' title='bbox 507 3354 577 3400; x_wconf 91' lang='lat' dir='ltr'><strong>mus</strong></span> <span class='ocrx_word' id='word_1_190' title='bbox 591 3338 727 3402; x_wconf 91' lang='lat' dir='ltr'><strong>urbanus</strong></span> <span class='ocrx_word' id='word_1_191' title='bbox 741 3339 850 3401; x_wconf 82' lang='lat' dir='ltr'><strong>rustici</strong></span> 
     </span>
    </p>
   </div>
   <div class='ocr_carea' id='block_1_18' title="bbox 26 3419 801 3496">
    <p class='ocr_par' dir='ltr' id='par_1_22' title="bbox 26 3419 801 3496">
     <span class='ocr_line' id='line_1_37' title="bbox 26 3419 801 3496; baseline 0.006 -17"><span class='ocrx_word' id='word_1_192' title='bbox 26 3421 30 3428; x_wconf 84' lang='grc'><em>“</em></span> <span class='ocrx_word' id='word_1_193' title='bbox 138 3419 295 3495; x_wconf 82' lang='lat' dir='ltr'><strong>Exceptus</strong></span> <span class='ocrx_word' id='word_1_194' title='bbox 310 3419 388 3478; x_wconf 88' lang='lat' dir='ltr'><strong>viles</strong></span> <span class='ocrx_word' id='word_1_195' title='bbox 401 3426 511 3489; x_wconf 83' lang='lat' dir='ltr'><strong>coenat</strong></span> <span class='ocrx_word' id='word_1_196' title='bbox 523 3424 652 3496; x_wconf 70' lang='lat' dir='ltr'><strong>glandes</strong></span> <span class='ocrx_word' id='word_1_197' title='bbox 666 3424 699 3484; x_wconf 91' lang='lat' dir='ltr'><strong>iu</strong></span> <span class='ocrx_word' id='word_1_198' title='bbox 712 3438 801 3485; x_wconf 84' lang='lat' dir='ltr'><strong>cavo.</strong></span> 
     </span>
    </p>
   </div>
   <div class='ocr_carea' id='block_1_19' title="bbox 0 0 1168 3810">
    <p class='ocr_par' dir='ltr' id='par_1_23' title="bbox 0 0 1168 3810">
     <span class='ocr_line' id='line_1_38' title="bbox 0 0 1168 3810; baseline 0 0"><span class='ocrx_word' id='word_1_199' title='bbox 0 0 1168 3810; x_wconf 95' lang='lat' dir='ltr'><strong> </strong></span> 
     </span>
    </p>
   </div>
  </div>
 </body>
</html>
