2310 3810
161 138 220 182 virt
323 122 377 184 DE
395 121 567 184 PHAEDRI
588 120 684 181 VITA
703 120 752 181 ET
773 120 949 185 FABULIS.

102 312 106 317 »
161 256 258 334 rottus
278 281 308 334 et
327 274 482 350 Anonymi
504 273 576 333 olirn
598 289 616 334 a
635 273 765 334 Phaedri
785 274 871 335 libris
895 290 1081 350 excerpsere

161 378 192 435 et
206 388 334 447 quarum
348 373 461 432 alterae
481 371 574 432 hodie
589 387 689 431 novae
710 372 823 432 alterae
837 374 993 433 restitutae
1007 391 1118 451 apr

162 471 218 530 lari
232 471 348 542 solent,
365 464 433 531 curn
448 470 601 531 veteribus
617 487 635 529 a
650 467 739 531 nobis
755 470 937 547 conjunctae
952 473 1021 532 sint.
1055 473 1081 533 D
1122 524 1149 544 N

163 568 274 629 hebent
288 569 358 629 iliae
373 569 496 645 quidem
509 569 551 627 ita
565 568 724 645 conjungi,‘
750 577 783 631 ut
797 570 968 631 etiamnunc
981 573 1077 648 quinq

162 674 268 729 essent
281 667 359 726 libri.
391 667 433 727 At
447 683 541 743 quum
556 682 661 728 eorum
676 669 828 745 locorum,
855 670 966 746 quibus
981 672 1012 730 in
1029 671 1146 756 qui}7

159 760 224 844 'qne
245 764 362 824 codicis
382 762 648 827 Pithoeani'libris
673 776 780 829 essent
802 768 1015 847 reponendae,
1041 785 1125 832 eom-

160 866 280 942 J'eetura
294 863 448 925 difficilior
461 863 633 941 videretur,
657 868 687 926 in
702 869 890 944 appendices
908 884 986 943 quae
1000 883 1115 928 vocan-

161 973 211 1026 tur
223 965 403 1024 referendae
422 971 522 1039 erant,
553 964 681 1040 quarurn
702 965 801 1040 prima
820 964 940 1025 tabulas
954 980 974 1024 a
988 965 1113 1025 Nicolao

160 1065 282 1127 Perotto
298 1072 437 1126 servatas
450 1070 484 1125 ut
497 1063 687 1139 integriores
701 1060 841 1124 'secunda
855 1069 885 1122 et
894 1062 983 1123 tertia
994 1061 1113 1123 tabulas

163 1180 217 1227 eas
238 1163 419 1237 contineret,
449 1177 528 1238 quae
549 1179 568 1222 a
588 1158 727 1223 Romule
741 1168 771 1221 et
795 1167 925 1236 utroque
948 1162 1112 1240 Anonymo

163 1264 235 1324 olirn
249 1260 382 1323 numeris
397 1263 515 1322 solutae
529 1268 585 1338 per
597 1259 813 1337 lilarquardum
828 1256 973 1333 Gadium,
993 1255 1113 1319 Petrum

163 1363 368 1422 Burmannum
393 1367 484 1436 atque
507 1377 563 1437 per
596 1362 745 1421 editorem
774 1357 866 1433 hujus
895 1355 991 1432 ipsius
1020 1357 1112 1420 libelli

165 1476 255 1536 quem
275 1459 414 1520 manibus
435 1467 522 1521 tenes
543 1461 651 1521 iisdem
673 1457 806 1521 numeris
827 1457 934 1517 iterum
949 1452 1112 1518 adstrictae

164 1565 242 1623 sunt.
