2326 3810
477 192 669 257 APPENDIX
689 196 716 255 1.

121 348 273 425 Abripere
285 362 392 410 morsu
405 346 498 408 fertur
511 340 753 422 testiculos-sibi,

122 432 199 506 Quia
212 439 339 509 propter
351 431 422 492 illos
435 429 546 491 sentiat
559 445 640 491 seso
645 432 719 506 peti.
755 466 758 471 -

121 515 233 577 Divina
247 517 332 592 quod
344 515 462 575 ratione
475 514 542 575 fieri
556 530 617 575 non
632 530 757 590 negem,
819 557 822 564 -

120 598 257 659 Venator
267 615 400 678 namque
410 598 501 659 simul
514 597 630 659 invenit
642 599 820 675 remedium,

121 680 234 743 Omittit
247 683 350 759 ipsum
363 681 509 760 persequi
524 689 554 742 et
566 689 659 744 vocat
673 699 776 743 canes.

159 765 226 827 Hoc
241 766 268 826 si
282 773 440 840 praestare
454 771 584 839 possent
597 765 746 835 homines,
762 773 795 827 ut
809 780 868 827 suo
1033 775 1069 826 10

118 846 240 908 Vellent
254 863 367 922 carere,
383 848 438 909 tuti
451 845 582 921 posthac
596 848 749 921 viverent,

117 927 207 992 Haud
223 930 388 1006 quisquam
402 929 532 992 insidias
546 929 630 990 nudo
645 931 761 992 laceret
776 931 908 1009 corpori.

431 1067 622 1126 nasuta
641 1067 740 1122 XXIX.
819 1098 826 1115 ι
869 1129 872 1135 ,

369 1161 554 1226 Pnrlblo
574 1161 630 1224 ΕΤ
650 1160 808 1224 vusrl.

157 1265 225 1325 Non
239 1263 433 1339 praeteritam
448 1264 506 1323 sed
519 1270 715 1339 praesentem
730 1269 844 1323 sortem
859 1261 996 1338 adspice.
1058 1261 1060 1265 ’

113 1347 232 1423 Papilio
245 1362 376 1423 vespam
389 1347 644 1422 praetervolitans
657 1347 792 1418 viderat;

116 1429 140 1490 0
156 1437 270 1491 sortem
284 1431 434 1506 iniquam
452 1431 525 1490 dum
538 1429 684 1490 vivebant
698 1445 838 1507 corpora,

115 1513 251 1586 Quorum
265 1529 305 1574 ex
319 1513 456 1590 reliquiis
472 1514 604 1574 animam
617 1529 676 1574 nos
692 1515 878 1589 accepimus,

112 1597 179 1672 Ego
195 1599 344 1673 eloquens
358 1597 390 1656 in
404 1611 491 1673 pace,
508 1597 595 1658 tortis
610 1597 746 1671 proeliis,
1046 1604 1063 1656 5

85 1698 88 1705 ¹
111 1681 187 1740 Arte
202 1681 284 1742 omni
297 1680 443 1756 princeps
458 1680 536 1739 inter
549 1679 696 1754 aequales
711 1679 764 1739 lui.

110 1761 158 1822 En
173 1770 283 1824 cuncta
296 1763 405 1824 levitas
419 1760 518 1839 putris
533 1769 564 1822 et
576 1763 672 1822 volito
687 1762 780 1823 cinis!

111 1846 156 1904 Tu
171 1847 225 1922 qui
239 1845 322 1908 luisti
336 1847 436 1908 mulas
451 1845 635 1920 clitellarius

111 1928 330 2007 Quemcunque
343 1932 444 1993 visum
459 1936 507 1991 est
520 1930 618 1991 laedis
633 1929 728 1991 infixo
744 1930 862 1991 aculeo.

108 2012 148 2073 Et
159 2030 259 2091 vespa
272 2015 396 2090 dignam
408 2014 545 2076 moribus
559 2029 669 2075 vocem
683 2013 793 2076 ediditz
1029 2026 1061 2077 la

108 2095 176 2156 Non
192 2098 245 2173 qui
259 2098 413 2171 fuerimus,
429 2099 554 2172 sediqui
568 2113 648 2159 nunc
664 2098 769 2172 simus,
784 2096 868 2159 vide.

437 2227 615 2285 FABULA
633 2227 722 2284 XXX.

336 2319 591 2384 TERRANEOLA
611 2320 661 2383 ET
681 2319 833 2384 VULPES.

148 2421 235 2494 Avis,
251 2436 343 2496 quam
358 2420 462 2483 dicunt
474 2424 674 2485 terraneolam
690 2421 803 2498 rustici,

106 2505 142 2566 In
156 2511 237 2565 terra
250 2503 356 2565 nidum
371 2505 445 2582 quia
458 2508 614 2582 componit
628 2507 754 2582 scilicet,

106 2588 197 2648 Forte
212 2588 384 2649 occucurrit
396 2589 555 2666 improbae
568 2591 766 2667 vulpeculam

107 2673 172 2746 Qua
184 2671 262 2747 visa,
278 2673 388 2748 pennis
403 2673 492 2734 altius
508 2689 543 2733 se
557 2674 689 2734 sustulit.

106 2755 207 2830 Salve,
223 2755 319 2829 inquit
333 2755 393 2827 illa,
409 2770 464 2815 cur
476 2771 525 2814 me
540 2756 653 2830 fugisti,
670 2754 822 2825 obsecro?
1039 2768 1056 2820 5

106 2837 200 2911 Quasi
214 2852 276 2897 non
291 2836 413 2897 abunde
427 2837 467 2898 sit
480 2838 553 2899 mihi
567 2837 599 2898 in
613 2846 701 2915 prato
717 2838 814 2914 cibus,

105 2919 199 2994 Grilli,
216 2918 384 2993 scarabaei,
399 2921 586 2983 locustannn
600 2923 703 3000 copia:

103 3002 183 3063 Nihil
197 3010 253 3077 est,
268 3003 354 3079 quod
366 3011 494 3079 metuas,
510 3021 568 3082 ego
581 3014 613 3067 te
626 3009 752 3068 multum
767 3004 861 3082 diligo
910 3076 916 3084 ⁶

103 3087 233 3164 Propter
247 3087 368 3162 quietos
382 3104 484 3149 mores
499 3097 530 3148 et
543 3086 636 3150 vitam
650 3090 788 3167 probam.

103 3171 277 3248 Respondit
291 3177 411 3232 contrua
439 3171 484 3232 ‘lu
502 3172 624 3244 quidem
637 3173 717 3232 bene
732 3172 911 3248 praedicas;
1019 3186 1054 3239 tc

102 3254 137 3312 In
152 3270 261 3331 campo
277 3271 339 3316 non
354 3271 422 3316 sum
436 3270 494 3330 par
505 3252 568 3331 tibi,
584 3257 641 3316 sed
656 3258 724 3316 suin
738 3255 797 3316 sub
811 3257 880 3317 dice
1003 3324 1007 3329 ⁸

104 3335 181 3409 Quin
196 3353 342 3412 sequare;
357 3338 411 3401 tibi
426 3339 555 3401 salutem
569 3339 723 3400 committo
737 3355 846 3400 meam.

145 3417 294 3482 Habenda
306 3424 411 3499 pravis
426 3438 582 3502 nunquam
596 3429 644 3485 est
657 3422 830 3486 bominibus
845 3424 935 3488 tides.

144 3517 310 3565 Pantanus.
834 3519 855 3571 s
