2326 3810
540 157 658 221 LIBER
671 157 696 217 1.

145 310 253 372 Emisit
269 323 323 370 ore
338 322 471 380 caseum,
487 322 579 383 quern
593 308 732 371 celeriter

22 420 26 425 ·
146 394 263 460 Dolosa
276 392 386 468 vulpes
400 391 501 452 avidis
513 393 617 468 mouit
629 391 784 455 dentibus.

145 476 219 539 tum
235 477 356 536 demum
369 475 516 550 ingemuit
527 477 613 538 corvi
627 477 777 553 deceptus
793 481 912 552 ducor.

482 606 661 669 insoni
679 610 754 669 xrv.

428 701 607 771 uouour
627 706 812 787 turonus.

187 807 317 868 Pereunt
330 805 476 866 auxilium
490 809 548 882 qui
556 809 622 869 suis
637 809 712 869 dant
722 809 874 872 hostibus.

145 890 238 951 Facta
251 889 352 949 securi
368 889 492 964 quidam
507 891 545 949 ab
560 890 720 953 arboribus
736 891 820 968 petit7

145 974 171 1034 Ε
185 973 268 1048 ligno
282 973 370 1032 firmo
384 980 417 1032 ut
432 972 489 1032 sibi
505 972 696 1036 manubrimn
709 971 826 1035 darent.

12 1078 15 1083 ·
145 1056 558 1132 HominiJ‘ussemntomnes
571 1058 737 1119 oleastrum
750 1059 826 1119 dari.
898 1076 901 1081 ¹

146 1140 275 1216 Accepit
288 1155 406 1213 munus,
422 1147 527 1216 aptate
538 1148 570 1202 et
581 1141 743 1203 manubrio

145 1223 276 1300 Biponni
291 1224 393 1299 coepit
407 1239 518 1300 magna
531 1224 676 1286 excidere
688 1225 812 1288 robora.

8 1370 19 1379 ,
144 1306 202 1367 Hic
219 1307 300 1380 durii,
317 1323 397 1381 quae
410 1309 510 1381 veltet,
526 1308 669 1384 eligebat,
683 1309 805 1370 fraxino

146 1389 271 1452 Dixisse
285 1391 379 1453 sertin
392 1404 546 1466 querente
568 1392 677 1454 Merito
692 1393 857 1454 caedimur.

489 1524 670 1584 FABULA
689 1526 751 1583 XV.

407 1620 835 1688 CORNIXASTUTA.

51 1754 61 1783 t
187 1723 238 1784 Ad
251 1740 359 1786 tunam
374 1723 482 1784 cornix
496 1723 604 1784 sitiens
617 1721 818 1798 semiplenam
831 1736 933 1799 aquae

16 1820 21 1827 ·
145 1808 289 1869 Accessit
302 1816 395 1884 atque
410 1813 521 1869 conatu
534 1812 582 1867 est
596 1812 745 1868 evertere.

144 1890 210 1952 sed
226 1908 319 1968 quum
332 1893 451 1953 videret
465 1898 550 1953 stare
563 1891 682 1963 tortam
698 1891 834 1951 calcmos

144 1974 180 2034 Iu
193 1991 301 2036 urnam
314 1976 405 2049 misit,
422 1991 551 2052 quorum
565 1974 755 2035 multitudine

44 2052 48 2057 '
145 2060 239 2133 Aqua
253 2066 300 2119 est
313 2066 456 2134 porrecta
470 2074 592 2122 sursum
607 2064 637 2117 et
651 2055 773 2139 satiavit
787 2057 878 2118 sitim.

186 2141 253 2201 Hac
266 2157 301 2202 re
314 2141 461 2218 probatur
475 2148 619 2218 quantum
629 2141 788 2216 ingenium
799 2140 928 2216 poticam

146 2223 266 2286 Virtute
281 2240 406 2302 semper
419 2226 578 2303 praevalet
589 2224 751 2300 sapientia.
974 2248 977 2255 ·

484 2358 665 2419 FABULA
682 2358 756 2417 XVI.

406 2454 460 2517 nx
480 2455 629 2518 sunone
649 2453 828 2531 unmous„
905 2422 909 2429 ’

186 2558 284 2618 Malus
300 2573 394 2634 quum
407 2562 493 2617 sutor
506 2557 613 2634 inopia
626 2557 805 2635 deperditus

142 2641 328 2703 Medicinam
341 2641 446 2716 ignoto
462 2641 564 2701 iacere
578 2642 736 2716 coepisset
748 2641 818 2702 loco

141 2726 182 2786 Et
194 2725 366 2786 venditaret
380 2725 459 2785 salso
475 2725 643 2784 antidotum
657 2724 788 2797 nomine,

142 2809 294 2869 Verbosis
309 2808 476 2884 adquisivit
490 2807 549 2868 sibi
564 2809 675 2868 samam
690 2806 835 2884 strophis.

89 2894 94 2901 '
141 2889 200 2953 Hic
215 2909 307 2969 quum
318 2891 437 2968 jaceret
449 2891 557 2952 morbo
572 2892 730 2952 coniectus
745 2892 840 2967 gravi,

140 2976 211 3038 Rex
224 2975 318 3050 urbis,
334 2975 403 3051 ejus
416 2974 597 3052 experiendi
610 2976 708 3051 gratia

142 3058 302 3138 Scyphum
317 3059 478 3135 poposcit=
493 3060 563 3121 susa
577 3061 649 3120 dein
664 3059 813 3120 simulans
827 3070 910 3133 aqua

139 3132 227 3204 Illius
240 3143 371 3203 miscere
386 3143 523 3203 antidoto
538 3159 574 3204 se
584 3145 731 3216 toxicum,

140 3225 273 3287 Ebibere
284 3226 380 3303 jussit
392 3227 494 3301 ipsum
507 3228 610 3300 posito
624 3225 771 3301 praemio.

140 3311 262 3371 'timore
276 3310 383 3371 mortis
397 3311 449 3370 itlc
462 3317 525 3370 tum
539 3310 703 3370 confessus
718 3315 767 3370 est

140 3392 208 3455 Non
223 3394 296 3456 artis
310 3395 373 3455 ulla
386 3395 525 3457 medicae
540 3409 575 3456 se
588 3393 759 3474 prudentia,
