2326 3810
358 175 364 231 ζ
405 172 696 234 ...neronom
758 176 786 231 ,ζ

433 362 713 484 innutritur.

218 564 220 569 ι
261 524 410 589 sonoro
429 525 665 588 fontumens
686 527 736 589 m
756 528 885 591 turus

145 662 283 725 Hominis
298 661 446 739 periclum
460 662 633 722 iaciendum
647 659 701 720 tibi
714 661 800 737 prius

104 749 199 824 Quam
213 754 243 806 te
258 745 427 807 committas
442 745 524 820 fidei,
540 744 653 805 fabella
667 742 820 807 admonet.

145 833 303 892 Premente
318 836 408 905 partu
422 830 525 889 seroie
540 844 633 902 quum
647 837 782 902 gemeret
792 829 912 906 jacens,

103 915 242 977 Accurrit
256 914 347 989 lupus
362 920 393 973 et
407 911 579 972 obstetricis
593 911 730 986 partibus

105 999 146 1061 Se
160 1014 256 1076 posse
271 997 354 1072 iungi
369 996 455 1070 dixit,
470 995 649 1071 promittens
664 1010 765 1070 opem.
887 995 890 1005 '
1039 1008 1055 1057 o

104 1085 188 1158 Quae
201 1098 275 1142 vero
291 1088 399 1142 nosset
412 1080 547 1157 pectoris
562 1076 701 1139 fraudem
714 1080 855 1156 improbi,

105 1168 290 1242 Suspectum
305 1165 441 1226 officium
454 1163 628 1240 repudiavit
641 1163 772 1224 malefici

103 1253 155 1311 Em
171 1249 252 1311 Satis
267 1256 323 1321 est
340 1249 446 1325 inquit,
462 1249 490 1308 si
504 1248 633 1308 recedes
648 1246 779 1323 longius.

104 1335 192 1409 Quod
208 1334 233 1394 si
248 1333 396 1409 perfidiae
408 1349 443 1393 se
457 1331 662 1391 commisisset
675 1331 747 1407 lupi,

102 1418 170 1478 Pari
186 1415 293 1478 dolore
308 1418 370 1478 iata
385 1414 532 1477 deflesset
546 1432 611 1479 sua.

432 1604 606 1661 FABULA
627 1604 725 1658 XVIII.

267 1714 505 1797 nnsomsnr
526 1714 671 1776 snnvus
691 1712 898 1786 moronus.

146 1832 236 1907 Malo,
254 1833 337 1910 quod
352 1833 462 1911 fugias,
477 1850 538 1896 non
554 1841 601 1903 est
615 1833 791 1893 addendum
804 1836 926 1909 malum.

105 1917 220 1978 Servus
235 1917 414 1994 profugiens
430 1920 585 1980 dominum
599 1924 725 1981 naturae
740 1933 879 1994 asperae,

103 2004 230 2078 Aesopo
247 2002 378 2062 occurrit
391 2012 482 2072 notus
498 2020 516 2064 e
529 2003 651 2064 vicinia.

104 2085 182 2159 Quid
196 2092 228 2145 tn
243 2085 413 2148 confusus?
439 2088 546 2148 Dicam
559 2087 613 2148 tibi
628 2088 719 2159 clere,
735 2093 831 2162 pater,

104 2170 170 2228 Hoc
185 2184 317 2243 namque
332 2183 367 2228 es
382 2168 493 2243 dignus
508 2170 657 2245 appellari
671 2171 803 2242 nomine,
1025 2187 1052 2234 v5

104 2253 180 2312 Tuto
196 2252 321 2327 querela
336 2251 407 2327 quia
415 2252 506 2328 apud
520 2259 551 2311 te
565 2252 737 2327 deponitur.

104 2337 214 2412 Plagae
229 2342 401 2411 supersunt,
416 2334 528 2396 desunt
541 2335 614 2393 mihi
628 2332 759 2402 cibaria;

105 2420 241 2480 Subinde
256 2419 295 2479 ad
311 2419 412 2479 villam
427 2419 529 2479 mittor
542 2419 610 2479 sine
623 2418 747 2479 viatico.

104 2503 193 2563 Domi
207 2504 234 2563 si
249 2510 366 2575 coenat,
381 2504 455 2565 totis
467 2510 573 2579 persto
588 2501 739 2575 noctibus,

104 2589 177 2647 Sive
191 2594 239 2647 est
251 2595 389 2661 vocatus,
403 2588 494 2664 jnceo
510 2588 551 2647 ad
565 2587 664 2648 lucem
680 2588 710 2649 in
725 2586 843 2650 semite·
1021 2605 1065 2657 to¹

103 2672 223 2732 Ernemi
237 2671 413 2747 libertatem,
428 2688 525 2732 canus
540 2672 653 2734 servio.

95 2757 201 2817 Ullius
217 2771 319 2817 essem
333 2757 443 2834 eulpae
456 2753 529 2816 mihi
544 2757 571 2816 si
586 2757 741 2829 conscius,

104 2845 214 2916 Aequo
230 2842 331 2900 animo
348 2843 473 2901 terremz
488 2856 645 2915 nunquam
659 2857 727 2901 sum
742 2842 840 2903 iactus
856 2851 943 2903 satur

103 2926 141 2985 Et
155 2940 248 3000 super
263 2925 368 2984 inteiix
383 2941 510 2986 saevum
525 2925 626 3001 patior
639 2925 815 2987 dominium.

104 3010 167 3068 Has
182 3015 307 3084 propter
322 3024 433 3071 causas
447 3018 478 3072 et
492 3025 569 3084 quas
584 3011 708 3084 longum
723 3018 771 3071 est
780 3026 932 3086 promere,
1023 3025 1053 3074 15

104 3093 197 3152 Abire
212 3092 372 3164 destinavi,
389 3109 450 3168 quo
464 3093 586 3154 tulerint
599 3094 707 3168 pedes.

102 3177 193 3252 Ergo,
209 3176 314 3252 inquit,
331 3177 419 3237 audi:
435 3193 531 3253 quum
546 3177 616 3236 maii
631 3176 673 3235 nil
688 3177 807 3249 seceris,

104 3261 187 3320 Haeo
201 3259 360 3336 experiris,
375 3269 408 3321 ut
421 3262 527 3332 refers,
543 3259 751 3321 incommodae

104 3343 182 3416 Quid
197 3345 223 3405 si
238 3345 399 3421 peccaris?
415 3359 493 3420 quae
507 3350 538 3402 te
553 3358 717 3418 passurum
733 3351 846 3421 putast

103 3428 166 3487 Tati
182 3429 310 3490 consitio
326 3429 492 3506 estatugn
506 3426 677 3490 deterritus.
1020 3443 1055 3495 20
