2326 3810
103 189 125 254 a
331 144 525 248 ³rruaruuu
545 185 789 249 rasurarum

101 341 218 402 Verum
232 345 357 416 stupore
371 334 454 413 vulgi
469 340 581 399 laetam
592 336 734 397 nobilem.
846 334 848 338 ’

101 425 171 486 Rex
189 423 343 484 advocata
356 423 506 484 concione
518 421 596 481 haee
611 420 721 481 edidit=
858 480 861 488 ,

104 507 239 582 Quantae
252 506 365 582 putatis
380 520 525 567 essevos
539 503 721 577 dementiae,
847 541 854 556 t
892 575 895 579 ,

103 591 159 665 Qui
174 591 275 666 capita
287 596 391 650 vestra
405 604 468 659 non
482 586 625 647 dubitatis
640 587 776 660 eredere,
1017 593 1052 649 15

103 674 157 732 cni
173 674 357 734 calceandos
372 679 468 756 namo¹
477 669 627 730 commisit
641 671 761 746 podest

53 803 56 821 ,
144 757 210 818 Hoc
224 757 376 834 pertinere
388 770 463 814 vere
477 754 518 813 ad
531 754 601 814 illos
615 753 754 827 dixerim,

103 840 235 913 Quorum
249 839 373 901 stultitia
388 843 533 916 quaestus
547 836 753 914 impudentiae
767 843 823 898 est.
888 890 890 900 ,

431 964 713 1033 FABULA'XVJI.

279 1069 415 1143 ASINUS
436 1070 489 1132 Al)
510 1069 639 1132 salluii
658 1066 870 1131 Pastoltltlt.

144 1171 179 1231 In
191 1170 364 1247 principatu
378 1168 591 1232 commutando
606 1168 732 1245 saepius

100 1251 149 1312 Nil
163 1259 284 1330 praeter
298 1253 412 1312 domini
428 1267 539 1311 nomen
552 1257 668 1312 mutant
680 1267 844 1328 pauperes.

101 1335 138 1397 ld
152 1351 225 1397 esse
237 1351 344 1396 verum
358 1350 456 1412 parva
468 1335 546 1394 haee
559 1334 672 1395 labella
686 1336 809 1396 indicat

109 1446 111 1455 ·
143 1419 281 1480 Asellum
292 1419 323 1478 in
337 1425 424 1495 prato
439 1418 561 1479 timidus
576 1419 723 1494 pascebat
738 1433 844 1481 seuere

43 1574 46 1577 Δ
100 1501 132 1563 ls
146 1502 280 1564 hostiurn
294 1503 428 1562 elamore
443 1501 543 1564 subito
558 1503 680 1565 territus
726 1575 728 1578 Α
1033 1510 1051 1562 o

102 1585 259 1647 Suadebat
272 1587 360 1646 asino
375 1586 489 1662 lugere,
505 1601 545 1645 ne
559 1592 689 1662 possent
703 1587 782 1662 oapi.

101 1673 143 1731 At
155 1669 206 1731 ille
220 1671 335 1731 lentus:
364 1669 494 1744 Quaeso,
510 1686 583 1732 num
596 1668 685 1730 binas
699 1668 772 1729 mihi

102 1754 235 1814 Clitellas
249 1754 461 1831 impositurum
474 1752 622 1813 viatorem
636 1752 750 1828 putas?

40 1892 45 1901 t
102 1835 206 1897 Senex
219 1836 351 1911 negavit.
378 1835 460 1910 Ergo
475 1835 550 1909 quid
562 1836 655 1895 refert
668 1850 746 1907 mea
1089 1904 1093 1910 Ι

103 1919 156 1979 Cui
172 1919 326 1980 serviant
340 1918 467 1979 clitellas
483 1918 554 1978 dum
568 1924 688 1994 portem
700 1931 796 1977 meas.
1015 1926 1050 1980 lo

429 2049 718 2108 FABULAXVIII.

327 2145 426 2225 ous,
449 2145 598 2223 anavus
618 2145 669 2208 uu
689 2145 816 2210 nurus.

142 2248 311 2312 Fraudator
321 2248 461 2310 homines
475 2264 567 2324 quum
578 2248 710 2308 advocat
721 2249 1049 2328 sponsum‘lmprobo‘a,

101 2335 169 2395 lion
181 2348 247 2393 rem
261 2333 417 2409 expedire,
433 2332 491 2393 sed
505 2332 586 2392 mala
598 2332 695 2392 vitare
710 2333 845 2408 expedit.

145 2415 241 2475 Ovem
253 2416 383 2490 rogabat
400 2430 510 2475 cervus
525 2415 660 2474 modium
673 2415 763 2475 tritici

97 2502 188 2575 ‚Lupo
204 2512 368 2573 sponsore.
396 2498 437 2557 At
450 2496 503 2556 illa
516 2504 730 2572 praemetuens
745 2493 864 2558 dolum=

100 2585 223 2658 Rapere
237 2587 329 2655 atque
343 2579 427 2640 abiro
441 2595 564 2656 semper
578 2580 720 2642 adsuevit
732 2580 833 2657 lupus,
1033 2589 1051 2640 a

100 2666 146 2728 Tu
160 2666 200 2727 de
214 2669 383 2740 conspeetu
396 2663 503 2738 lugere
516 2662 617 2723 veloci
630 2663 761 2740 impetu;

101 2748 160 2810 Ubi
175 2763 234 2809 uos
248 2748 411 2823 requiram,
426 2762 520 2822 quum
535 2747 602 2808 dies
617 2748 797 2808 adveneritt

438 2857 617 2942 unauna
635 2884 709 2941 xlx.

349 2977 448 3059 avla
472 2978 586 3041 cauis
606 2978 656 3040 aa
676 2977 803 3042 aulus,

145 3082 252 3143 Solent
264 3081 430 3142 mendaces
445 3080 530 3141 luere
543 3094 661 3156 poenas
675 3078 826 3155 malelel„

103 3166 308 3228 Calutnniator
322 3164 361 3225 ab
376 3181 436 3226 ove
451 3179 544 3240 quum
558 3169 675 3240 peteret
689 3166 783 3237 oanis,

103 3250 199 3325 Quem
214 3249 429 3310 commodasse
443 3263 555 3324 panem
568 3263 603 3308 se
618 3249 825 3320 contenderet,

102 3333 208 3409 Lupus
223 3333 331 3392 citatus
345 3332 432 3392 testis
445 3348 508 3392 non
521 3348 616 3394 unum
629 3332 723 3392 modo

20 3476 32 3503 s
102 3415 215 3478 Deberi
229 3415 314 3490 dixit,
329 3429 437 3479 verum
451 3415 623 3491 adfirmauit
635 3414 754 3475 desem.
