2326 3810
145 180 189 245 40
404 180 577 245 PHAEDRI
596 181 841 248 FABULARUM

142 333 220 393 Huic
234 333 410 409 impertitur,
425 333 554 408 Hermes
568 335 664 412 injicit
676 336 764 396 valer

143 417 283 478 Studium
296 417 447 492 placendi,
462 419 601 480 lanificas
614 427 697 485 artes
711 421 803 479 docet

141 500 280 560 Minerva
294 506 324 560 et
338 501 421 562 ducit
434 502 466 563 in
480 503 642 563 concilium
655 503 806 563 coelitum.

142 584 288 644 Mirantur
302 600 409 645 omnes
425 587 559 646 omnium
571 586 774 661 pulcherrime

143 666 286 728 Ornatam
301 668 401 728 donis.
430 672 472 728 At
484 669 643 729 Pandorae
656 669 796 745 Juppiter

138 751 304 813 {lominum
317 752 347 812 in
362 751 528 826 perniciem
542 753 657 814 dolium
670 754 758 812 malis
774 753 873 813 dedit.

140 834 301 909 Repletum
315 841 345 894 et
358 834 440 895 misit
453 835 511 894 hac
526 850 595 900 cum
611 837 682 898 dote
695 837 885 912 Epimetheo.

139 920 168 977 A
184 919 275 978 lratre
289 918 316 977 is
331 918 442 978 lnrstm
454 921 671 994 praemonitus,
687 934 727 980 ne
739 921 898 995 reciperet,

140 1001 252 1061 Forma
266 1002 413 1077 deceptus
427 1003 595 1064 luctiferam
609 1004 684 1065 arsit
696 1004 844 1079 virginem

139 1085 178 1144 Et
192 1085 265 1145 certi
280 1085 390 1146 oblitus
405 1087 500 1146 oracli
515 1103 571 1147 vas
586 1088 714 1163 aperuit,

139 1169 188 1228 Ex
203 1185 264 1243 quo
278 1168 376 1229 beatis
392 1171 547 1242 quondam
560 1170 719 1245 terrigenis
734 1170 814 1230 mala

139 1251 305 1314 Fluxerunt
320 1259 442 1322 cunctae
459 1258 598 1327 opertum
612 1253 691 1314 enim
707 1254 766 1314 cito
781 1269 872 1313 mann

140 1335 247 1396 Tenuit
259 1350 346 1410 spem
361 1335 459 1394 solam
473 1336 593 1398 miseris
608 1338 638 1397 in
653 1338 816 1416 solatiuml.

181 1419 246 1479 Hac
261 1418 384 1478 fictione
398 1424 446 1478 est
460 1427 526 1479 orta
541 1428 570 1481 et
584 1423 695 1496 dignae
709 1420 843 1482 mulieris

140 1501 326 1563 Affinitatem
341 1502 432 1562 traxit
446 1502 518 1563 inde
533 1505 718 1566 obscenitas.
737 1526 740 1531 ·

464 1629 662 1699 'FABULA
681 1639 743 1696 XV.

557 1737 665 1798 IDEM.

181 1839 313 1914 Rogavit
326 1841 409 1913 alter,
424 1837 561 1899 tribadas
577 1844 607 1896 et
619 1838 727 1898 molles
742 1852 843 1897 mares

140 1923 224 1997 Quae
237 1923 314 1983 ratio
330 1927 545 1998 procreasset?
572 1920 723 1996 Exposuit
737 1930 848 1980 sonex:

85 2012 88 2017 “
182 2006 267 2066 Idem
280 2005 486 2078 Prometheus,
503 2003 609 2063 auctor
622 2004 706 2078 uulgi
719 2004 830 2076 fictilis

139 2089 210 2163 (Qui
225 2090 314 2149 simul
330 2088 457 2149 offendit
471 2087 510 2147 ad
525 2088 685 2160 ionunam,
700 2088 872 2163 frangitur)
921 2140 927 2149 .

137 2174 268 2234 Naturae
282 2180 395 2249 partes,
410 2178 498 2232 veste
512 2187 589 2247 quas
606 2172 684 2231 celat
697 2171 807 2248 pudor,

138 2256 235 2331 Quum
250 2257 413 2334 separatim
426 2263 489 2317 toto
504 2257 645 2317 finxisset
659 2255 719 2332 die,

139 2345 256 2417 Aptare
270 2357 343 2402 mox
356 2349 390 2402 ut
403 2347 512 2423 posset
525 2340 708 2416 corporibus
722 2340 796 2414 suis,

139 2425 190 2483 Ad
205 2439 312 2484 cenam
326 2432 374 2485 est
387 2425 530 2486 invitatus
545 2425 645 2485 subito
660 2440 680 2483 a
692 2423 813 2484 Libero.

138 2506 198 2566 Ubi
213 2507 358 2581 inrigatus
372 2508 465 2569 multo
480 2522 578 2566 venas
592 2513 716 2567 nectare

139 2589 216 2650 Sero
232 2590 355 2650 domun
369 2595 417 2650 est
428 2604 573 2651 reversus
587 2588 725 2651 titubanti
739 2588 829 2665 pede

137 2673 212 2734 Tum
227 2673 413 2735 semisomno
428 2673 524 2734 corde
538 2681 569 2734 et
581 2689 685 2735 errore
699 2672 784 2734 ebrio

137 2757 294 2832 Adplicuit
307 2758 455 2833 virginale
468 2758 572 2834 generi
586 2759 724 2818 masculo

138 2839 176 2899 Et
189 2841 358 2902 masculina
370 2841 512 2907 membra,
520 2843 666 2917 adplicuit
680 2840 810 2901 sentinis.

136 2924 182 2984 lta
197 2940 277 2986 nunc
293 2923 385 2983 libido
400 2940 497 3001 pravo
513 2926 621 2993 inuitur
633 2924 761 3000 gaudio,

477 3058 656 3118 FABULA
675 3061 748 3118 XVI.

398 3154 450 3217 DE
473 3155 606 3219 curlus
626 3156 821 3221 eluentis.

180 3255 311 3316 Barbam
326 3258 464 3332 capellae
480 3273 572 3330 qurum
585 3259 801 3336 impetrassent
813 3258 857 3320 ab·
866 3259 954 3335 Jove,

129 3340 219 3399 Hirci
229 3347 404 3402 maerentes
418 3342 569 3418 indignari
584 3350 759 3420 coeperunt,

113 3419 213 3517 Ouod
225 3423 413 3501 dignitatem
429 3427 566 3492 laminae
581 3433 774 3506 aequassent
784 3440 884 3493 suant.
