2326 3810
128 167 169 229 52
381 166 553 227 PHAEDRI
573 165 817 226 FABULARUM

130 321 219 381 Canis
235 338 328 395 qtrum
343 318 466 378 domino
481 333 604 394 semper
617 318 742 378 fecisset
756 317 840 388 satis,

127 405 286 478 Languere
301 403 403 478 coepit
415 402 504 462 annis
519 401 757 477 ingravantibus.

127 488 301 561 Aliquando
314 486 454 561 objectus
468 485 583 561 hispidi
597 500 719 561 pugnae
734 484 798 544 suis

119 573 270 647 ›Adripuit
283 587 400 632 aureme
417 570 474 629 sed
489 570 617 629 cariosis
633 568 774 629 dentibus

127 655 274 716 Praedam
288 655 410 714 dimisit.
437 651 494 711 Hic
508 659 579 713 tunc
594 659 720 712 venator
734 652 844 713 dolens

129 741 240 800 Canem
256 738 449 814 objurgabat.
479 735 532 795 Cui
547 737 660 796 latrans
676 742 783 797 conlm
796 749 909 795 senex:

126 824 193 883 Non
208 830 238 884 te
253 822 388 883 destituit
402 820 530 892 animus,
547 820 700 880 sedvires
715 835 812 880 meae.

127 905 216 978 Quod
231 906 352 977 luimus,
368 903 516 975 laudasti3
529 905 595 980 jam
609 906 745 974 damnas,
763 903 847 978 quod
861 918 977 963 sumus.

168 991 234 1049 Hoc
250 1006 311 1064 cur,
326 989 449 1062 Phileto,
466 989 650 1072 scripserim,
666 985 792 1062 pulchre
805 986 906 1048 vides.
1044 996 1075 1047 to

370 1288 395 1349 A
422 1286 444 1347 Ρ
470 1285 492 1346 Ρ
518 1285 542 1347 Ε
570 1285 596 1345 Ν
622 1285 648 1346 D
676 1285 690 1347 I
717 1286 745 1349 X
799 1284 829 1351 l.

440 1407 596 1498 annullo
618 1407 748 1465 novis.

487 1541 664 1599 nasoon
685 1544 707 1617 ι,

368 1635 527 1701 slllllts
553 1636 608 1698 nl
636 1635 821 1701 voires.

165 1739 297 1813 Vulpem
310 1738 438 1811 rogabat
451 1746 569 1814 partem
583 1741 702 1801 caudae
716 1739 833 1811 simine,

35 1878 38 1883 .
124 1821 291 1895 Contegere
304 1821 433 1880 honeste
447 1820 557 1896 posset
569 1828 601 1883 ut
614 1824 714 1885 nudas
729 1830 833 1892 nates;

123 1904 177 1963 Cui
192 1905 237 1964 sic
252 1904 398 1978 maligna:
427 1905 561 1980 Longior
574 1906 629 1966 fiat
642 1907 720 1978 licet,

122 1987 233 2046 Tamen
248 1987 330 2045 illam
344 1987 432 2047 citius
447 2003 504 2063 per
517 1990 611 2048 lutum
626 1996 655 2048 et
669 1990 775 2065 spinas
790 1988 918 2064 mahom,

123 2070 218 2143 Quam
231 2076 348 2145 partem
363 2071 503 2146 quamvis
518 2088 645 2148 parvam
659 2073 814 2150 impertiar
827 2073 890 2133 tibi.
1056 2088 1072 2137 5

162 2155 286 2214 Avarus
301 2154 389 2214 etiam
405 2155 489 2231 quod
503 2164 647 2232 superest
659 2173 720 2222 non
736 2158 788 2217 dat
802 2156 911 2218 libens.

474 2291 497 2347 F
504 2291 652 2350 ABULA
672 2293 705 2350 ll.

508 2386 672 2451 AUCTOR.

162 2479 295 2546 Arbitrio
313 2487 339 2545 si
355 2495 463 2546 natura
477 2487 619 2548 finxisset
632 2504 701 2549 meo

121 2570 223 2630 Genus
238 2571 374 2643 mortale,
390 2570 481 2644 longe
496 2571 574 2631 foret
587 2573 778 2633 instructius

119 2654 195 2713 Nam
209 2661 318 2714 cuncta
332 2653 422 2716 nobis
436 2654 622 2717 attribuisset
640 2657 812 2730 commoda,

120 2737 324 2812 Quaecunque
337 2738 498 2814 indulgens
512 2737 646 2801 Fortuna
659 2741 782 2802 animali
796 2740 895 2801 dedit:

118 2819 279 2895 Elephanti
293 2820 385 2893 vires,
401 2830 431 2882 et
446 2823 544 2883 leonis
560 2824 714 2900 impetum,
1052 2836 1070 2887 5

120 2903 256 2963 Cornicis
272 2918 390 2976 aevum,
406 2902 625 2978 gloriammori
640 2907 743 2982 aucis,

109 2987 197 3062 ¹Equi
213 2986 329 3047 velocis
343 2987 497 3063 placidam
511 2990 785 3065 mansuetudinem,
908 3016 911 3021 ·
941 3028 945 3041 ·

118 3069 155 3131 Et
168 3072 293 3132 adesset
306 3071 421 3133 homini
436 3088 495 3133 sua
508 3079 608 3133 tamen
624 3074 769 3135 sollertia.

58 3183 64 3208 ι
117 3154 260 3214 Nimirum
274 3155 402 3216 incaelo
418 3171 523 3217 secum
536 3157 615 3217 ridet
627 3157 774 3235 iuppiter,

116 3238 199 3297 llaec
215 3238 266 3312 qui
280 3236 403 3315 negavit
416 3257 527 3317 magno
543 3242 671 3304 consilio
686 3243 810 3316 homini,
1035 3255 1069 3310 to

116 3321 161 3382 Ne
175 3329 330 3396 sceptrum
343 3324 448 3384 mundi
462 3332 585 3400 raperet
599 3335 706 3387 nostra
720 3327 859 3388 audacio.

100 3424 104 3433 ·
157 3404 237 3481 Ergo
253 3407 386 3465 contenti
400 3423 525 3468 manere
538 3410 643 3471 invicti
656 3411 742 3473 lovis
855 3442 857 3449 =

155 3613 158 3620 ι
