2326 3810
138 170 183 230 aa
393 167 564 229 prunum
584 126 828 228 rnaurnoun
926 118 931 126 ¹

494 339 669 396 FABULA
690 339 721 392 ΙΙ.

366 432 567 495 Plurimae
586 432 635 493 ΕΤ
656 429 856 492 PASTOBES.

182 553 267 614 Solet
281 568 300 611 a
313 553 467 626 despectis
483 568 540 627 par
553 546 658 611 r‘clerri
673 551 777 625 gratia.

144 637 291 702 Panthera
304 635 483 710 imprudens
499 635 570 694 olim
586 636 616 694 in
631 635 752 694 loveam
767 632 888 692 decidit.

140 718 255 780 Videre
270 725 421 794 agrestes:
437 717 488 776 alii
503 719 600 778 fustes
616 723 792 790 congerunt,

140 805 202 864 Alii
217 808 344 864 onerant
358 801 458 861 saxis:
478 801 601 876 quidam
615 807 721 860 contra
735 799 859 859 miseriti

143 889 296 947 Periturae
312 885 436 959 quippe,
452 885 592 959 quamvis
607 898 696 944 nomo
711 884 854 954 laederet,
1072 892 1089 943 5

143 971 252 1029 Misere
266 984 385 1044 panem,
401 973 434 1028 ut
448 967 611 1028 sustineret
625 967 772 1043 spiritum.

142 1054 208 1113 Nox
223 1053 361 1112 insecuta
375 1058 436 1111 est:
452 1050 564 1111 abeunt
579 1051 680 1111 securi
695 1051 827 1123 domum,

143 1137 235 1208 Quasi
249 1135 400 1196 inventuri
414 1140 563 1194 momuem
577 1134 736 1209 postridie.

142 1223 181 1278 At
195 1220 254 1291 illa,
270 1219 353 1277 vires
367 1223 400 1276 ul
414 1216 519 1275 refecit
532 1216 701 1290 languidas,
728 1262 729 1266 ,
797 1270 800 1276 ,

142 1301 249 1361 Veloci
264 1301 344 1360 saltu
358 1301 451 1359 lovea
464 1314 535 1358 sese
549 1299 656 1359 liberat

135 1384 178 1442 Ει
192 1384 222 1441 in
238 1383 337 1442 cubile
352 1381 470 1456 concito
485 1388 631 1457 properat
644 1383 751 1457 gradu.

140 1466 250 1525 Paucis
266 1464 375 1525 diebus
389 1464 576 1539 interpositis
590 1467 742 1539 provolat,

140 1548 238 1608 Pecus
252 1545 391 1621 trucidat,
407 1547 493 1622 ipsos
504 1555 645 1622 pastores
657 1555 754 1622 necat,

140 1631 178 1690 Et
192 1638 301 1692 cuncta
313 1638 440 1692 vastans
454 1631 554 1700 saevit
569 1631 644 1692 irato
661 1631 784 1706 impetu.
970 1704 974 1710 ,

140 1715 216 1775 Tum
231 1715 290 1775 sibi
304 1714 452 1788 timentes,
470 1715 522 1789 qui
536 1715 620 1774 lerae
634 1719 844 1790 pepercerant,
1055 1717 1087 1770 15

141 1799 291 1858 Damnum
304 1797 388 1857 haud
401 1802 552 1869 recusant,
567 1803 682 1857 tentum
696 1815 753 1872 pro
767 1797 830 1856 vite
843 1800 960 1868 rogant.
1029 1850 1031 1855 ,

140 1881 182 1938 At
195 1880 261 1939 illa:
290 1879 412 1939 Memini
425 1879 480 1960 'qui
492 1894 542 1937 me
557 1895 634 1939 saxo
648 1881 778 1954 petierit,
1117 1884 1125 1897 ⁸

142 1962 198 2034 Qui
212 1976 324 2036 penem
338 1961 471 2021 dederit:
486 1975 545 2020 vos
560 1961 665 2020 timere
680 1962 831 2034 absistite;

141 2046 203 2104 lllis
218 2051 356 2109 revertor
367 2043 475 2116 hostis,
492 2044 544 2118 qui
559 2059 607 2102 me
622 2045 784 2104 laeserunt.

489 2196 664 2254 FABULA
683 2195 728 2250 lll.

385 2291 553 2356 AESOPUS
573 2291 622 2355 ΕΤ
643 2287 836 2352 nnsrlclts,

180 2395 247 2452 Usu
261 2393 377 2467 peritus
391 2392 660 2470 hariolovelocior
774 2450 777 2466 .
793 2416 796 2467 j

140 2475 241 2548 Vulgo
258 2488 330 2533 esse
343 2474 446 2547 fertur,
462 2490 557 2534 causa
572 2477 633 2545 sed
644 2475 839 2549 non-dicitur,

140 2558 284 2617 Notescet
300 2571 378 2630 quae
392 2571 472 2615 nunc
487 2557 616 2630 primun
625 2555 742 2632 ,sibilla
756 2572 834 2632 meo.

179 2638 310 2700 Habenti
325 2637 446 2697 cuidam
460 2654 574 2713 pecora
589 2635 774 2719 pepereiu-nt
790 2654 865 2699 oves

140 2726 247 2798 Agnos
261 2722 395 2783 humano
412 2723 520 2797 capite.
548 2721 685 2791 Monstro
701 2723 861 2783 exterritus
1068 2733 1085 2785 5

140 2806 190 2864 Ad
205 2805 412 2865 consulendos
428 2806 520 2864 currit
533 2806 674 2865 maerens
686 2805 831 2868 hariolos.

140 2889 196 2948 Hic
211 2887 362 2964 pertinere
377 2888 418 2947 ad
433 2888 546 2947 domini
561 2889 732 2963 respondet
746 2896 839 2963 caput
889 2925 892 2930 -

139 2973 177 3031 Et
191 2971 388 3032 avertendum
401 2969 524 3030 victima
537 2970 715 3045 periculum.

140 3055 194 3114 Ille
209 3062 309 3116 eutem
324 3053 465 3115 adfirmat
479 3048 643 3128 coniugem
657 3068 728 3113 esse
743 3053 910 3124 adulteram

139 3138 176 3196 Et
191 3138 331 3198 insitivos
346 3137 511 3212 significari
526 3136 648 3210 liberos,
694 3205 696 3209 y
1051 3147 1085 3199 ιο

141 3219 204 3280 Sed
219 3222 335 3294 expiari
349 3236 444 3294 posse
458 3221 575 3294 majore
589 3220 699 3295 hostie.

97 3345 109 3366 .
141 3303 219 3375 Quid
234 3303 348 3361 multat
374 3304 476 3364 Variis
492 3304 642 3364 dissident
657 3304 815 3364 sententiis

139 3385 340 3459 Hominisque
356 3399 458 3443 curam
473 3401 546 3445 cura
560 3388 676 3462 majore
691 3389 867 3462 adgravant.
