2326 3810
148 170 191 247 ts
409 170 582 232 omnum
601 143 846 235 1100111011

150 322 774 386 Constantioriuissemveraexistimans.
1017 386 1024 393 ,

148 408 235 477 Nune
250 408 350 468 conde
364 409 477 469 serrum
490 413 520 468 et
533 407 666 482 linguam
680 405 794 481 pariter
808 405 932 480 futilem,
977 462 980 467 .
997 462 1000 467 .
1069 416 1102 469 10

147 491 189 552 111
202 491 306 567 possis
321 492 399 553 alios
414 492 589 566 ignorantes
605 490 720 549 fallere.

148 573 224 649 Ego,
240 576 292 652 qui
307 593 375 639 sum
388 582 542 651 expertus,
559 574 680 648 quantis
695 573 795 646 fugias
809 572 935 647 viribus,
1037 594 1049 631 ;

150 655 232 731 Seio,
250 676 342 736 quam
357 659 459 720 virtuti
473 673 535 718 non
551 658 590 717 sit
604 657 793 720 eredendum
805 662 894 725 tuae.

191 741 238 802 Illi
252 743 407 818 adsignari
423 740 515 801 debet
529 740 605 800 haee
619 740 761 813 narratio,

151 825 206 899 Qui
221 843 254 886 re
269 827 406 890 secunda
419 825 506 886 fortis
521 831 576 897 est
594 823 714 884 dubiai
712 838 803 900 ugax.

506 955 683 1014 FABULA
703 956 792 1011 111.-

405 1051 581 1114 olivus
601 1050 658 1112 ΕΤ
678 1046 842 1112 illisce.
935 1082 941 1088 ·

196 1153 280 1214 Calvi
294 1152 458 1214 momordit
471 1169 579 1214 musea
591 1153 740 1213 nudatum
750 1157 860 1228 eaput3

34 1246 37 1248 ’
153 1239 250 1313 Quam
265 1237 438 1313 opprimere
452 1244 579 1312 captans
594 1237 715 1311 alapam
729 1234 788 1296 sibi
804 1233 890 1295 duxit
904 1214 1041 1313 gravem.
1089 1245 1092 1251 ·

153 1323 236 1382 Tune
250 1322 302 1381 illa
315 1320 466 1382 inridens:
480 1320 627 1381 Punctum
641 1319 776 1380 volueris
792 1320 942 1395 parvulae

153 1405 286 1464 Voluisti
299 1411 397 1465 morte
412 1404 536 1475 uleisei;
554 1403 628 1479 quid
643 1403 737 1464 iacies
752 1402 815 1475 tibi,

153 1488 287 1564 injuriae
303 1488 355 1563 qui
369 1487 527 1548 addideris
542 1486 776 1547 contumeliam?
802 1542 805 1549 .
877 1533 887 1553 „

153 1573 340 1648 Respondit:
361 1571 481 1631 Mecum
495 1570 585 1630 ieeile
597 1569 692 1629 redeo
707 1570 740 1630 in
753 1568 890 1645 gratiam,

154 1655 231 1730 Quia
244 1672 305 1719 non
321 1655 417 1716 luisse
431 1661 562 1716 mentem
575 1653 718 1715 laedendi
732 1655 808 1714 seio.

155 1739 218 1800 Sed
232 1748 271 1813 te,
287 1740 451 1814 contempti
465 1739 586 1815 generis
602 1737 713 1798 animal
728 1735 907 1813 improbum,

155 1823 238 1896 Quae
253 1823 415 1882 delectaris
428 1821 535 1882 bibere
548 1822 714 1884 humanum
728 1821 921 1896 sanguinem.

155 1905 263 1982 Optem
277 1921 388 1966 necare
400 1906 451 1965 vel
464 1905 583 1981 majore
596 1905 802 1966 incommodo.
1070 1912 1104 1962 10

195 1990 262 2050 1100
277 1997 485 2065 argumentum
497 1989 620 2048 veniam
634 1988 662 2047 ei
677 1988 743 2048 dari
758 1989 857 2062 docet,

154 2072 210 2147 Qui
225 2089 299 2134 easu
313 2079 431 2150 peceat.
459 2072 535 2132 Nam
550 2071 602 2148 qui
617 2072 746 2132 oonsilio
762 2081 810 2134 est
823 2085 949 2142 nocens,

153 2156 239 2218 ilium
253 2173 325 2220 esse
340 2156 479 2233 quamvis
495 2157 619 2232 dignum
631 2166 735 2232 poeria
745 2157 863 2232 judico.

502 2294 677 2351 FABULA
696 2294 743 2348 iv,

438 2385 541 2451 ASINI
559 2388 609 2450 ΕΤ
629 2385 832 2451 roncum..

195 2489 323 2563 Quidam
337 2490 527 2550 immolasset
540 2506 660 2550 verrem
675 2508 769 2566 quum
783 2494 890 2551 saneto
904 2487 1038 2564 Herculi,

152 2573 205 2633 Cui
219 2587 276 2648 pro
292 2571 381 2632 saluti
396 2579 501 2634 votum
516 2571 648 2633 debebat
662 2590 727 2645 sua

96 2659 99 2663 '
150 2656 258 2717 Asello
270 2655 364 2732 jussit
377 2657 522 2732 reliquias
537 2657 611 2733 poni
626 2657 744 2717 hordei.

152 2741 234 2814 Quas
249 2745 431 2814 aspernatus
446 2741 497 2801 ille
512 2741 557 2801 sie
572 2743 692 2802 loeutus
707 2749 769 2802 est:

149 2823 293 2883 Libenter
306 2823 399 2883 istum
413 2841 541 2900 prorsus
557 2833 733 2901 appeterem
750 2824 861 2898 eibum,
1087 2836 1104 2886 5

150 2907 224 2980 Nisi,
241 2905 294 2982 qui
309 2906 437 2966 nutritus
452 2908 504 2966 illo
520 2916 576 2981 est,
590 2909 748 2984 jugulatus
763 2909 851 2969 foret.

191 2990 292 3066 Hujus
306 2989 450 3065 respectu
464 2989 588 3050 fabulae
602 2991 764 3052 deterritus

149 3075 358 3136 Periculosmn
373 3090 496 3151 semper
509 3075 604 3135 vitavi
618 3075 745 3138 tucrum.
862 3125 865 3129 .

151 3157 215 3220 Sed
229 3158 323 3219 dicis:
353 3157 409 3232 Qui
423 3173 556 3236 rapuere
570 3159 704 3235 divitias,
716 3158 840 3221 babent

149 3242 349 3302 Numeremus
364 3244 504 3319 agedum,
522 3243 573 3320 qui
591 3243 736 3321 deprensi
750 3244 914 3320 perierunt.
1071 3252 1107 3305 11)

143 3325 298 3400 Maiorem
314 3325 433 3388 turbam
447 3328 623 3405 punitorum
636 3328 783 3404 reperies.
880 3388 883 3393 ,
1107 3332 1111 3337 ’

127 3407 248 3469 Peneis
265 3411 427 3475 temeritas
442 3421 493 3478 est
505 3411 604 3491 bono,
616 3413 722 3477 multis
732 3410 827 3471 malo.
880 3471 884 3475 .
1001 3446 1005 3451 ·
