2326 3810
151 169 194 232 62
408 167 581 231 PHAEDRI
599 165 843 233 FABULARUM

491 324 667 381 rxounx
686 322 760 379 xix.
865 308 869 317 '

151 422 278 498 EQUUS
294 419 547 497 colomanus
561 420 602 482 IN
615 417 821 482 rtsrrtlrttttl
834 416 1100 482 venditantes

193 523 313 597 Equum
328 538 346 582 e
361 522 510 598 quadriga
523 521 625 583 multis
639 522 749 597 palmis
763 521 898 583 nobilem
920 565 924 575 .

152 606 265 681 Abegit
280 607 404 680 quidam
418 606 492 666 etin
507 605 667 681 pistrinum
683 605 828 665 vendidit.

152 690 321 751 Productus
335 688 556 749 adhibendum
570 705 664 763 quum
679 690 759 750 soret
772 705 791 750 a
804 689 904 766 molis,

153 775 186 832 ln
201 774 316 834 circum
330 773 477 849 aequales
491 771 536 832 ire
551 772 715 847 conspexit
729 788 813 846 suos,

153 858 193 918 llt
206 865 293 932 grata
305 856 387 917 ludis
402 856 567 917 redderent
581 856 755 917 conamina.

153 941 299 1000 Lacrimis
316 939 444 1000 obortis:
466 940 510 1000 lte
524 941 639 1016 felices,
655 941 704 1015 ait,

155 1023 311 1084 Celebrate
326 1024 393 1085 sine
406 1039 456 1084 me
471 1039 563 1085 cursu
581 1025 760 1085 sollemnem
774 1023 869 1103 diem;

153 1107 218 1182 Ego
234 1124 295 1183 quo
311 1110 443 1169 scelesta
457 1108 532 1168 luris
546 1108 667 1168 attraxit
681 1122 798 1181 manus,

154 1191 198 1250 lbi
214 1199 297 1252 sorte
311 1192 389 1252 tristi
404 1193 467 1251 iata
480 1191 603 1252 deflebo
620 1207 697 1251 mea.

196 1277 306 1349 Aequo
322 1274 480 1334 serendum
495 1280 543 1335 est
557 1276 657 1335 animo
674 1275 822 1350 quicquid
837 1275 957 1336 accidit.
1073 1286 1104 1337 10

499 1395 679 1452 FABULA
699 1396 760 1453 XX.

419 1489 564 1552 Ursus
592 1489 834 1553 ESURIENS.

198 1590 230 1652 Si
246 1593 370 1666 quando
386 1591 417 1652 in
432 1591 519 1652 silvis
533 1606 607 1652 urso
623 1590 735 1652 desunt
749 1590 866 1667 copiae,

156 1674 362 1750 Scopulosum
376 1676 417 1736 ad
431 1677 513 1740 littus
528 1676 619 1736 currit
632 1682 664 1736 et
676 1674 832 1750 prendens
847 1681 964 1751 petram

155 1759 258 1819 Pilosa
271 1774 360 1819 crura
374 1761 488 1820 sensim
504 1759 631 1820 demittit
643 1760 738 1830 vado;

156 1842 289 1914 Quorum
303 1845 380 1902 inter
392 1844 484 1905 villos
497 1844 587 1905 simul
600 1843 765 1905 haeserunt
779 1856 935 1916 canceres,

156 1925 189 1982 ln
204 1933 314 1985 terram
328 1927 478 2002 arripiens
494 1927 608 1987 excutit
621 1927 768 2002 praedam
781 1926 874 1986 maris
1089 1935 1107 1986 t>

155 2008 298 2083 Escaque
312 2009 419 2069 fruitur
431 2010 548 2084 passim
563 2010 691 2069 collecta
705 2011 800 2070 valer.

191 2091 271 2166 Ergo
288 2092 378 2152 etiam
393 2093 491 2154 stultis
506 2093 587 2153 acuit
601 2092 755 2169 ingenium
770 2095 875 2154 sames.
999 2094 1006 2099 '

492 2216 514 2274 F
521 2215 670 2273 ABULA
689 2214 763 2272 XXI.

394 2311 568 2377 Vinion
587 2311 643 2374 ΕΤ
665 2310 859 2375 coltvtls

199 2411 327 2485 Quidam
341 2429 397 2487 per
410 2429 503 2487 agros
518 2413 641 2474 devium
656 2428 785 2488 carpens
797 2412 857 2475 iter

156 2496 224 2552 Ave
239 2495 396 2555 exaudivit
410 2502 440 2553 et
453 2502 589 2555 moratus
604 2498 780 2570 paullulum,

155 2577 279 2637 Adesse
291 2584 324 2638 ut
337 2577 414 2638 vidit
427 2578 586 2650 neminem,
601 2579 682 2653 cepit
695 2579 832 2653 gradum.

156 2661 268 2722 lterum
283 2662 394 2722 salutat
408 2662 490 2722 idem
504 2678 544 2722 ex
559 2663 679 2723 occulto
694 2678 800 2724 sonus.

157 2746 243 2804 Voce
255 2746 399 2820 hospitali
415 2747 610 2809 confirmatus
624 2747 742 2820 restitit,

159 2829 204 2902 Ut,
219 2829 360 2904 quisquis
376 2838 467 2903 esset,
483 2848 540 2905 par
554 2831 688 2893 cilicium
701 2832 860 2907 reciperet.

157 2912 254 2987 Quum
268 2912 527 2989 circumspectans
542 2930 645 2974 errore
658 2915 811 2975 haesisset
826 2915 878 2975 diu

155 2998 193 3058 Et
206 2997 393 3073 perdidisset
406 3004 527 3073 tempus
544 2997 660 3072 aliquot
672 2998 797 3073 milium,

158 3081 297 3143 Ostendit
311 3099 382 3143 sese
398 3098 511 3143 corvus
525 3089 555 3142 et
570 3083 774 3158 supervolans

156 3167 223 3223 Aur
238 3183 339 3241 usque
353 3167 489 3242 ingessit.
517 3166 592 3227 Tum
606 3182 641 3228 se
655 3168 755 3228 lusum
770 3167 965 3242 intellegensa
1075 3175 1108 3227 lc

157 3250 197 3307 At
210 3250 289 3309 male
301 3250 355 3310 tibi
370 3251 417 3324 sit,
433 3251 538 3328 inquit,
555 3253 620 3312 ales
635 3253 779 3328 pessime,

157 3331 212 3404 Qui
229 3332 398 3393 festinantis
413 3337 491 3396 mille
506 3335 659 3397 detinuisti
676 3337 786 3411 pedes.

198 3414 249 3475 Sic
265 3431 359 3491 saepe
373 3420 476 3478 verbis
491 3420 630 3481 homines
645 3420 747 3497 decipi
762 3421 871 3481 solent.
