2326 3810
497 177 612 238 LIBER
628 179 677 240 lll.
748 202 750 207 ¹
1014 176 1056 240 29

113 330 286 389 Novissime
300 330 476 404 prolapsam
490 326 617 388 effundit
632 331 797 400 sarcinam;

113 414 227 472 Verum
242 412 332 485 illam,
349 427 429 489 quae
443 427 491 472 me
506 413 598 473 nutrit
612 413 735 473 admoto
752 412 844 474 ubere
864 447 870 454 -

112 496 305 570 Fraudatque
319 502 408 555 natos
423 496 509 567 lacte,
527 511 565 555 ne
582 495 661 555 desit
675 495 756 557 mihi.

111 579 224 638 Tamen
238 580 290 638 illa
304 585 352 638 est
365 579 475 653 potior,
493 594 571 654 quae
586 586 616 638 te
630 580 759 656 peperit.
787 577 854 641 Non
869 580 911 639 ita
925 587 982 641 est.

111 663 201 722 Unde
216 662 267 721 illa
280 663 377 736 scivit,
393 663 479 738 niger
493 678 531 724 an
547 662 633 722 albus
649 669 815 724 nascerer?
1025 674 1058 728 lo

110 748 179 820 Age
193 755 302 820 porro;
319 761 427 821 parere
442 745 467 805 sl
482 746 631 807 voluisset
646 746 810 818 feminam,¹

112 829 192 903 Quid
206 829 398 904 profecisset,
415 845 507 905 quum
522 844 642 888 crearer
656 831 834 892 masculus?

109 912 298 972 Beneficium
311 928 453 987 magnum
469 926 543 971 sane
557 912 651 973 natali
667 913 759 985 dedit,
899 921 901 925 ’

110 995 152 1056 Ut
165 1001 375 1071 exspectarem
390 995 502 1057 lanium
516 995 547 1054 in
561 994 654 1054 horas
670 996 822 1070 singulas!

111 1077 205 1153 Cujus
219 1086 357 1154 potestas
373 1079 455 1140 nulla
467 1079 498 1137 in
513 1078 665 1160 gignendo
681 1080 743 1152 luit,

111 1160 172 1221 Cur
185 1161 243 1220 hac
260 1162 299 1222 sit
311 1162 420 1238 potior,
439 1177 518 1237 quae
529 1162 661 1237 jacentis
676 1164 811 1223 miserita
825 1168 872 1221 est

110 1245 299 1319 Dulcemque
313 1253 423 1321 sponte
438 1253 573 1320 praestat
586 1245 851 1306 benevolentiam?

109 1327 194 1388 Facit
207 1336 349 1403 parentes
363 1329 494 1399 bonitas,
511 1345 572 1388 non
587 1331 766 1389 necessitas.

94 1447 97 1453 ·
150 1410 206 1470 His
221 1413 432 1473 demonstrare
445 1412 541 1472 voluit
556 1418 662 1472 auctor
675 1413 815 1474 versibus

111 1491 265 1556 Obsistere
279 1495 417 1556 homines
433 1495 559 1572 legibus,
575 1496 688 1556 meritis
705 1497 783 1583 capi.

443 1664 620 1720 FABULA
640 1665 712 1720 XVI.

382 1773 523 1837 elcana
543 1773 592 1835 ET
614 1773 777 1837 Necron,

149 1914 330 1994 Humanitati
347 1913 398 1987 qui
413 1929 448 1972 se
462 1929 522 1974 non
539 1911 758 1983 accommodat,

106 1999 287 2072 Plerumque
302 2012 419 2072 poenas
436 1997 552 2072 oppetit
566 1996 738 2071 superbiae.

151 2081 263 2141 Cicada
277 2080 419 2139 acerbum
434 2088 564 2140 noctuae
579 2080 750 2141 convicium

106 2164 258 2236 Faciebat,
275 2164 384 2223 solitae
398 2164 511 2223 victum
525 2164 556 2223 ln
570 2163 703 2222 tenebris
720 2176 867 2236 quaerere
977 2163 980 2166 ’

108 2250 254 2322 Cavoque
268 2263 352 2307 ramo
369 2259 634 2323 caperessomnum
648 2245 789 2304 interdiu.

106 2332 226 2406 Rogata
240 2337 294 2403 est,
311 2336 344 2390 ut
358 2335 480 2389 taceret.
508 2329 604 2388 Multo
618 2328 750 2388 validius

107 2415 244 2476 Clamare
259 2414 368 2490 eoepit.
396 2413 513 2473 Rursus
528 2413 651 2472 admota
664 2427 756 2488 prece

105 2500 248 2559 Accensa
262 2498 360 2573 magis
375 2501 431 2557 e'st.
459 2497 576 2558 Noctua
589 2503 622 2556 ut
638 2496 712 2556 vidit
727 2495 784 2556 sibi

105 2582 225 2644 Nullum
240 2597 311 2640 esse
326 2579 471 2642 auxilium
486 2586 516 2644 et
529 2580 624 2640 verba
640 2580 790 2641 contemni
806 2597 871 2651 sua,

105 2665 171 2739 Hac
186 2671 233 2724 est
246 2665 396 2739 adgressa
409 2665 561 2741 garrulam
576 2664 710 2725 fallacia:

104 2747 244 2809 Dormire
259 2748 330 2822 quia
343 2763 392 2807 me
407 2763 468 2807 non
485 2747 587 2808 sinunt
601 2754 707 2806 cantus
721 2746 773 2817 tui,

106 2831 224 2892 Sonare
240 2831 355 2891 cithara
369 2847 448 2906 quos
463 2837 552 2906 putes
566 2830 728 2906 Apollinis

104 2909 214 2976 Potare
229 2923 276 2975 est
290 2915 408 2975 animus
422 2921 541 2994 nectar·
552 2915 636 2990 quod
649 2913 749 2975 Pallas
764 2914 836 2975 milri

103 2998 208 3076 Nuper
222 2999 361 3071 donavit3
379 2999 405 3058 si
421 3015 481 3059 non
497 2999 626 3071 fastidis,
640 2998 726 3068 veni;

105 3083 172 3143 Una
184 3081 334 3142 bibamus.
363 3083 425 3153 Illa,
443 3098 521 3155 quae
535 3082 640 3141 arebat
654 3081 712 3152 siti,

104 3165 358 3240 Simulcognovit
372 3180 479 3223 vocem
494 3165 610 3224 laudari
626 3179 720 3233 suam,

104 3250 222 3325 Cupide
236 3248 402 3309 advolavit.
430 3248 546 3306 Noctua
560 3261 687 3322 egressa
702 3261 719 3304 e
734 3258 811 3303 caro

102 3323 317 3408 Trepidantem
332 3337 507 3393 consectata
523 3336 570 3390 est
584 3337 613 3389 et
626 3331 686 3389 lcto
703 3326 795 3388 dedit.

79 3450 83 3458 .
104 3415 155 3476 Sic
171 3417 242 3475 viva
257 3417 340 3491 quod
354 3421 479 3492 negarat
492 3413 594 3474 tribuit
608 3419 734 3475 mortua.
820 3472 825 3483 ,
