2326 3810
103 133 106 137 ⁴
150 183 191 248 42
402 171 576 251 ominum
595 181 840 249 nnnunmum

150 338 301 397 Timentes
316 349 422 396 mrsus
437 334 552 409 aliquid
566 350 606 397 ne
621 333 719 396 sinnile
732 334 861 407 aecidat,
915 342 923 359 “
969 398 972 403 ,

152 421 254 481 Odore
268 418 395 479 canibus
410 433 502 478 anum
516 419 625 481 sedulo
639 419 768 494 replent

150 503 295 566 Mandata
310 503 395 562 dant=
404 502 502 579 'legati
515 503 679 575 mittuntur,
695 501 796 562 statim

150 587 281 659 Abeunt.
309 587 465 662 Rogantes
478 585 593 647 aditum
607 585 751 647 ooutinuo
766 585 937 662 impetrant.

151 671 297 732 consedit
310 670 429 745 genitor
441 675 505 730 tum
518 668 646 731 deorum
655 669 810 744 ,mumius

152 755 345 829 Quassatque
360 753 488 813 iulmen=
504 758 633 812 tremere
647 766 780 828 coepere
795 753 907 813 omnia.

31 857 36 866 ·
152 839 251 899 Canes
266 836 395 909 confusi,
411 834 528 895 subitus
544 835 628 910 quod
643 836 740 920 luerat
753 837 865 925 fragor,

150 923 289 998 Repente
304 919 432 980 odorem
444 919 571 980 mixmm
580 935 654 989 ⁴eum
666 921 781 980 merdis
796 927 912 980 coeant.

150 1006 328 1066 Reclamant
343 1018 457 1078 omnes,
472 1004 689 1065 vindicandam
698 999 854 1078 injuriant.
928 1019 931 1027 ·

152 1088 203 1151 Sic
218 1095 266 1149 est
280 1089 398 1149 loeutus
413 1093 484 1160 ante
496 1103 629 1162 poenam
642 1087 795 1162 luppitert

150 1172 283 1249 Legatos
298 1188 360 1233 non
375 1176 423 1230 est
436 1171 517 1244 regis
532 1185 594 1229 non
609 1169 768 1243 detinere,

150 1257 213 1317 Neo
229 1263 276 1316 est
291 1255 415 1314 difficile
429 1268 547 1328 poenas
561 1253 671 1329 eulpae
685 1254 859 1330 imponerer

151 1339 212 1400 See
225 1340 286 1401 hoo
301 1337 405 1405 ieratis
419 1336 605 1413 prejudicio
619 1339 803 1413 praemium

150 1423 218 1482 Non
232 1428 303 1481 veto
319 1420 436 1497 dimitti,
452 1436 559 1481 verum
571 1422 698 1483 cruciari
713 1423 801 1495 lame,

150 1506 196 1565 Ne
210 1511 347 1566 ventrem
362 1505 518 1574 continere
531 1520 593 1567 non
607 1507 730 1582 possint
744 1522 843 1567 suum.

151 1590 198 1649 llli
212 1596 322 1664 autem,
339 1588 391 1664 qui
405 1588 551 1656 miserunt
564 1604 623 1649 vos
638 1597 699 1650 tam
713 1590 824 1662 sutiles,
861 1604 877 1645 .·

151 1674 312 1748 Nunquam
326 1671 472 1734 carebunt
484 1671 616 1735 hominis
631 1673 823 1737 contumelia.

151 1753 196 1819 Ita
210 1772 290 1818 nune
303 1758 423 1832 legatos
438 1764 623 1833 exspectans
638 1774 677 1818 ex
692 1757 826 1834 pesteris

150 1841 270 1900 Novum
282 1840 388 1900 venire
403 1839 455 1914 qui
469 1839 562 1915 videt,
580 1843 680 1903 ouium
695 1842 807 1902 ollaeit.
831 1892 835 1899 Α

487 1976 667 2033 FABULA
686 1977 761 2033 XIX.

286 2068 464 2135 SERPENS.
507 2069 786 2135 uisumcouula
805 2067 958 2134 nociva.

196 2172 253 2246 Qui
268 2171 326 2232 lert
338 2171 427 2232 malis
441 2172 595 2246 auxilium,
611 2179 684 2249 post
695 2180 815 2250 tempus
831 2174 925 2235 dolet.

152 2257 228 2317 Gelu
236 2256 387 2332 'rigentem
403 2256 527 2331 quidum
541 2257 698 2320 colubram
712 2258 834 2321 sustulit

152 2340 288 2414 Sinuque
302 2340 386 2414 lovit,
403 2348 508 2402 eontra
523 2358 558 2402 se
572 2343 641 2418 ipse
655 2343 846 2411 misericor&

150 2424 288 2497 Namque
301 2430 334 2483 ut
347 2424 462 2484 relecta
474 2432 530 2498 est,
547 2426 648 2486 nectit
660 2426 814 2487 hominem
829 2423 977 2500 protinus.

150 2506 237 2565 Hane
251 2505 312 2564 alia
327 2522 419 2580 quum
433 2515 556 2580 rogaret
570 2524 694 2569 eausam
709 2509 864 2580 facinoris,
1087 2514 1104 2569 6

150 2587 337 2665 Respondit:
364 2589 409 2650 Ne
424 2589 492 2663 quis
507 2590 607 2653 diseat
619 2592 774 2668 prodesse
787 2591 944 2668 improbis.
1005 2624 1009 2629 ·

494 2726 670 2787 rnnunn
689 2710 753 2786 xxss

407 2821 578 2887 vuinus
599 2823 655 2886 ΕΤ
673 2824 841 2888 DRACO.

194 2929 322 3002 Vulpes,
339 2922 439 2984 cubile
452 2925 583 2997 fodiens,
600 2927 672 2985 dum
685 2933 797 2986 terram
811 2928 888 2988 eruit

152 3013 287 3089 Agitque
301 3011 406 3087 plures
420 3009 511 3073 altius
524 3007 692 3083 cuniculos,

152 3096 295 3156 Pervenit
308 3094 349 3154 ad
364 3093 508 3153 draconis
524 3093 703 3168 speluncam
717 3094 863 3168 ultimam,

155 3179 353 3239 Custodiebat
368 3178 420 3252 qui
435 3177 597 3239 thesauros
612 3176 745 3241 abditos.
811 3227 819 3238 ..
934 3188 938 3195 '

153 3262 243 3323 Hune
257 3261 348 3321 simul
361 3261 498 3336 aspexit=
527 3259 597 3334 Oro,
612 3267 646 3323 ut
659 3261 882 3338 imprudentiae
1090 3265 1109 3323 i
1127 3302 1131 3308 «

144 3346 216 3405 Des
223 3344 358 3420 primum
374 3345 512 3418 veniam;
529 3346 642 3409 deinde
656 3347 684 3407 si
697 3346 823 3422 pulchre
838 3345 939 3418 vides,

130 3426 234 3497 Quam
248 3444 315 3493 non
333 3429 533 3495 conveniens
547 3448 661 3499 aurum
673 3431 810 3493 situtae
819 3442 921 3501 mese,
