2326 3810
479 177 594 239 LIBER
610 174 686 238 111?
1000 178 1042 243 31

95 327 200 403 Ignem
215 342 287 404 ergo
304 343 464 403 quaerens,
481 329 598 404 aliquot
611 331 749 390 lustravit
764 331 882 405 doinus,

94 412 291 486 Tandemque
305 413 429 485 invenit,
444 410 497 472 ubi
510 413 665 472 lucemam
679 415 869 475 accenderet.
920 417 922 420 ’

94 495 168 555 Tum
183 495 348 555 circueunti
363 496 460 558 iuerat
476 493 562 569 quod]
573 496 629 555 iter
642 498 773 576 longius,
1024 504 1041 557 ⁵

93 577 203 638 Effecit
215 578 355 639 brevius:
385 594 517 653 namque
531 586 615 639 recta
628 596 685 654 per
699 582 797 641 lorum

95 661 201 736 Coepit
214 663 324 720 redire.
352 662 390 720 Et
405 663 528 736 quidam
544 662 662 722 eturba
675 665 814 738 ganatos
823 688 836 720 :-

92 747 228 820 Aesope,
244 746 345 805 medio
362 746 429 805 sole
444 745 601 821 quid'cum
614 747 746 806 lumine?

94 825 262 900 Hominem,
279 829 384 902 inquit,
402 843 525 902 quaero,
542 836 572 888 et
586 829 660 889 abiit
674 831 822 891 festinans
839 832 970 895 domun.

134 910 200 970 Hoc
216 912 242 971 si
256 913 403 971 molestus
417 912 467 970 ille
482 911 522 969 ad
536 911 668 971 animum
681 915 801 986 rettulit,
884 984 887 997 ‚
942 946 944 957 κ
1008 922 1040 975 10

94 993 197 1054 Sensit
209 996 346 1070 proiecto
363 1011 398 1054 se
411 994 565 1054 hominem
578 1011 640 1055 non
654 997 755 1056 visum
770 999 844 1071 seni,

92 1079 306 1152 Intempestive
323 1079 373 1152 qui
389 1084 537 1154 occupato
554 1079 709 1139 adluserit.

454 1193 669 1272 roiira

127 1330 304 1404 >Supersunt
317 1328 389 1387 mihi
405 1346 484 1403 quae
499 1331 639 1402 scribam,
656 1329 713 1390 sed
727 1343 821 1402 parco
838 1328 955 1398 sciens;

91 1413 220 1472 Primum
235 1428 306 1472 esse
321 1428 360 1470 ne
374 1411 427 1471 tibi
442 1414 548 1473 videar
562 1412 727 1484 molestIor,

90 1496 249 1570 Distringit
264 1511 354 1570 quem
367 1497 527 1558 multarum
541 1494 641 1557 rerum
655 1496 804 1564 varietas;

90 1579 167 1639 Dein
182 1580 209 1639 si
225 1579 293 1654 quis
308 1579 416 1638 eadem
431 1581 508 1639 sorte
522 1580 626 1639 conari
640 1579 722 1650 velit,

89 1661 210 1722 Habere
224 1668 257 1722 ut
270 1663 371 1737 possit
385 1662 500 1736 aliquid
516 1663 619 1738 operis
634 1661 766 1721 residui:

91 1745 233 1818 Quamvis
249 1746 392 1805 materiae
406 1752 489 1805 tanta
502 1745 636 1805 abundet
650 1744 747 1820 copia,

89 1829 200 1889 Labori
216 1829 301 1888 faber
314 1835 347 1888 ut
362 1829 449 1902 desit,
465 1845 527 1890 non
542 1829 628 1889 fabro
645 1828 740 1887 labor.

89 1912 233 1972 Brevitati
247 1919 370 1972 nostrae
385 1913 553 1988 praemium
566 1920 599 1973 ut
613 1912 736 1984 reddes,
752 1915 834 1986 peto,

90 1996 177 2068 Quod
192 2011 226 2056 es
241 1996 409 2073 pollicitum
426 1996 536 2057 exhibe
550 1997 637 2077 vocis
653 1995 754 2056 fidem.

87 2079 163 2138 Nam
177 2080 240 2139 vita
253 2080 341 2139 morti
356 2081 483 2156 propior
497 2087 545 2140 est
559 2080 704 2154 quotidie,

87 2162 125 2222 Et
138 2162 198 2222 hoc
211 2163 309 2222 minus
324 2165 483 2238 perveniet
497 2165 537 2223 ad
551 2180 600 2222 me
614 2163 756 2234 muneris

89 2245 153 2320 Quo
169 2247 245 2321 plus,
257 2254 416 2307 consumet
430 2247 576 2322 temporis
592 2246 706 2305 dilatio.

89 2329 121 2389 Si
136 2329 195 2390 cito
210 2345 274 2389 rem
288 2344 429 2405 perages,
444 2346 520 2390 usus
536 2328 588 2388 flet
602 2328 737 2403 longior3

86 2413 183 2472 Fruar
196 2414 318 2486 diutius,
335 2415 361 2472 si
377 2414 507 2475 celerius
523 2429 645 2490 cepero.

78 2497 271 2570 'Languentis
287 2498 354 2556 aevi
371 2498 442 2559 dum
458 2504 528 2558 sunt
542 2497 663 2573 aliquae
677 2495 833 2570 reliquiae,

85 2579 209 2640 Auxilio
224 2581 311 2640 locus
327 2588 387 2640 est:
404 2583 475 2641 olim
491 2581 577 2649 senio
594 2581 725 2640 debilem

84 2662 208 2723 Frustra
222 2664 370 2738 adjuvare
384 2665 505 2725 bonitas
520 2665 630 2724 nitetur
643 2671 703 2735 tua,

86 2745 183 2819 Quum
193 2747 257 2822 jam
274 2748 399 2807 desierit
414 2764 485 2808 esse
498 2747 649 2806 beneficio
665 2745 745 2803 utilis

84 2829 122 2889 Et
135 2846 217 2890 mors
232 2830 333 2890 vicina
347 2831 494 2906 flagitabit
507 2830 649 2890 debitum.

86 2912 214 2992 Stultum
229 2916 394 2976 admovere
408 2916 461 2975 tibi
475 2931 584 2990 preces
600 2913 751 2985 existim0,
826 2932 830 2941 ·

83 2997 230 3058 Proclivis
246 2999 323 3058 ultro
341 3017 432 3074 quum
448 3000 486 3059 sit
500 2998 719 3058 misericordia.

85 3075 186 3157 Saepe
200 3083 371 3158 impetravit
385 3082 506 3141 veniam
521 3084 683 3141 confessus
698 3094 783 3138 reus:

10 3211 14 3229 2
85 3163 202 3238 Quanto
218 3165 497 3248 innoeentijustius
513 3165 604 3224 debet
618 3164 709 3222 darii

84 3248 166 3308 Tuae
181 3257 251 3310 sunt
265 3256 384 3325 partes;
398 3248 517 3308 luerunt
532 3247 659 3306 aliorum
674 3244 768 3319 prius,

83 3331 160 3392 Dein
176 3334 265 3393 simili
280 3349 357 3410 gyno
372 3331 496 3391 venient
510 3331 635 3389 aliorum
651 3328 746 3387 vices.

86 3415 221 3476 Decerne
238 3417 321 3493 quod
335 3417 450 3492 religio,
468 3414 551 3490 quod
567 3413 678 3489 patitur
692 3413 780 3486 lidos
