2310 3810
362 192 367 199 ·
484 182 666 281 omum.

100 335 306 412 Respondeas
321 334 491 397 clementer.
520 333 615 408 Quem
629 335 757 397 fructum
770 337 857 413 cepis

99 420 169 479 Hoc
184 434 224 481 ex
237 418 351 492 abore,
367 417 492 492 quodve
505 424 621 480 tantun
635 425 683 479 est
696 421 873 495 praemium,

100 503 142 564 Ut
155 516 263 563 careas
278 517 387 563 somno
400 506 432 563 et
444 516 555 563 aevum
567 501 746 584 intenebris
760 504 889 579 ougast
1015 512 1049 563 10

100 586 230 659 Nullum,
245 585 343 661 inquit
355 585 415 659 itte,
430 600 538 646 verum
550 584 611 645 hoc
625 598 777 651 esummo
790 587 865 657 mihi

99 671 179 751 Jove
193 669 375 730 adtributum
388 675 445 731 est
472 668 553 743 Ergo
567 684 625 728 nec
639 670 735 731 surnis
749 669 803 730 tibi

100 754 165 813 Nec
178 748 345 813 ulli‘donas
360 752 545 827 quicquam?
573 751 624 813 Sic
639 753 710 815 tatis
723 754 834 829 placet

100 837 179 896 Nolo
195 837 347 909 irascaris,
362 835 457 895 libere
471 834 498 895 si
513 834 637 896 dixeroz
661 848 667 854 ·

100 918 156 980 Dis
172 926 219 980 est
233 920 316 980 iratis
332 926 430 992 natus,
446 917 498 992 qui
512 917 681 979 estsimilis
695 919 759 980 tibi.

112 1056 118 1065 .
143 1002 290 1064 Abiturus
304 1003 385 1075 illuc,
402 1016 463 1077 quo
477 1000 597 1080 priores
612 1001 759 1076 ebieumt,

102 1086 181 1161 Quid
194 1094 295 1147 mente
309 1099 404 1147 caece
416 1086 560 1146 miserum
572 1091 699 1161 torques
714 1086 873 1163 spiritum?

101 1169 166 1229 Tibi
182 1169 261 1244 dico,
277 1185 379 1242 avare,
395 1169 539 1244 gaudium
552 1168 675 1229 heredis
690 1171 742 1242 tui,

102 1253 158 1326 Qui
171 1259 239 1314 ture
247 1268 394 1329 superos,
411 1253 512 1328 ipsum
526 1257 556 1312 te
570 1252 695 1314 fraudes
709 1254 789 1328 cibo,

101 1337 157 1409 Qui
171 1337 266 1397 tristis
281 1337 370 1397 audis
383 1335 533 1397 musicum
547 1335 680 1396 citharae
694 1353 813 1411 sonum
866 1336 870 1347 “
1013 1347 1048 1403 ac

103 1421 197 1492 Quem
210 1420 351 1483 tibiarum
365 1426 498 1480 macerat
508 1419 694 1495 jucunditas,

103 1502 308 1580 Opsoniorum
321 1504 420 1580 pretia
434 1503 482 1563 cui
497 1504 640 1578 gemitum
655 1505 836 1580 exprimunt,

101 1585 158 1660 poi
174 1587 246 1648 dum
261 1587 446 1663 quadrantes
461 1602 590 1661 aggeras
604 1588 786 1662 patrimonio
827 1604 834 1612 ·

101 1669 224 1731 Caelum
238 1671 348 1747 fatigas
363 1671 490 1732 sordido
505 1669 649 1744 perjurio,
784 1692 787 1697 ·

101 1752 156 1829 Qui
172 1755 362 1816 circumcidis
378 1769 499 1837 omnem
512 1753 683 1828 impensum
697 1754 805 1830 funeri,
875 1806 877 1810 Α
1013 1767 1046 1819 tt

99 1836 229 1899 Libitina
242 1854 281 1900 ne
296 1839 370 1915 quid
384 1839 424 1900 de
438 1844 490 1898 tuo
505 1837 595 1898 faciat
608 1837 693 1897 lucri.

437 1973 615 2032 FABULA
633 1973 707 2030 XXI.

377 2066 758 2151 ruinosus2

141 2168 219 2244 Quid
231 2167 371 2243 judicare
384 2169 497 2244 cogitet
510 2171 589 2231 livor
601 2172 705 2245 modo,

98 2253 183 2313 Licet
197 2250 376 2324 dissimulet
391 2252 518 2329 pulchre
532 2259 633 2313 tamen
648 2254 800 2329 intellego.

99 2335 259 2411 Quoquid
264 2334 382 2411 putabit
396 2350 468 2396 esse
483 2336 609 2411 dignum
622 2336 776 2411 memorie,

97 2419 217 2495 Aesopi
232 2418 328 2490 dicet3
345 2419 372 2480 si
387 2419 462 2493 quid
476 2419 577 2482 minus
593 2420 743 2492 amiserit,

97 2503 484 2564 Ameconteudetfictum
499 2505 609 2580 quovis
623 2506 761 2582 pignore.
1030 2519 1045 2568 s

99 2586 193 2661 Quem
207 2587 281 2647 volo
295 2587 392 2647 refelli
402 2586 469 2662 jam
482 2605 562 2648 nunc
575 2604 728 2664 responso
742 2604 827 2651 meo=
882 2584 887 2593 '

98 2669 171 2731 Sive
185 2670 245 2730 hoc
258 2670 394 2747 ineptum
408 2672 475 2732 sive
488 2672 674 2733 laudandum
689 2679 737 2732 est
750 2688 839 2749 opus,

97 2753 216 2814 invenit
229 2753 289 2827 ille,
305 2760 411 2826 nostra
423 2755 551 2829 perfecit
564 2771 682 2815 manus.

99 2835 161 2896 Sed
176 2851 382 2913 exsequamur
397 2844 537 2914 coeptum
551 2836 703 2915 propositi
719 2838 865 2900 ordinem.

425 2973 707 3032 FABULAXXII.
830 3030 832 3035 .

375 3066 440 3137 DE
475 3068 766 3133 s1tt01t11tlt.

137 3167 237 3228 Homo
254 3166 363 3229 doctus
376 3169 408 3228 in
422 3185 458 3229 sc
472 3185 594 3245 semper
608 3169 729 3228 divitias
743 3165 844 3228 habet.

99 3247 283 3326 Simonides,
299 3251 350 3328 qui
365 3252 489 3328 scripsit
503 3253 657 3326 egregium
670 3250 777 3323 melos,

99 3332 164 3406 Quo
179 3342 390 3411 paupertatem
405 3334 568 3395 sustineret
582 3332 713 3407 deciduo,

100 3415 233 3482 circuire
247 3420 348 3496 eoepit
361 3419 453 3481 urbes
467 3417 561 3479 Asiae
575 3416 704 3495 nobiles,
727 3480 730 3485 ,
779 3458 1040 3590 ‚hm
