2326 3810
371 186 376 193 “
479 188 734 250 ΔΡΡΕΝΜΧΙ..
797 238 803 246 .

109 347 220 407 Fatalis
235 361 334 406 annos
350 345 547 406 decurramus
562 341 720 416 temporis,

108 432 170 490 Nec
185 432 255 506 plus
270 445 415 490 conemur
430 443 521 502 quam
535 425 607 486 sinit
619 425 797 484 mortalitas.

463 563 485 619 F
492 559 640 619 ABULA
658 560 704 616 111.
768 616 772 621 .

272 657 493 721 MERCURIUS
513 656 562 718 ET
582 656 687 719 buna
705 653 907 718 MULIERES.

150 758 333 821 Mercurium
346 760 480 834 hospitio
496 759 637 819 mulieres
653 759 726 819 olim
740 758 820 818 duae

82 859 87 866 ’
109 844 251 905 Illiberali
266 850 296 903 et
310 843 436 903 sordido
451 849 646 918 receperant:

110 929 241 1004 Quarum
255 943 317 988 una
331 927 361 986 ln
376 924 463 986 cunis
478 942 607 1002 parvum
622 925 756 986 habebat
769 925 872 997 filium

110 1014 260 1088 Quaestus
275 1010 417 1087 placebat
430 1011 516 1070 alteri
531 1009 729 1070 meretricius.

109 1097 189 1172 Ergo
203 1103 238 1156 ut
249 1095 376 1156 referret
390 1096 517 1169 gratiam
532 1093 643 1157 officiis
657 1104 772 1168 parem,

108 1180 255 1241 Abiturus
271 1176 376 1253 etjam
391 1180 481 1238 limen
496 1178 651 1238 excedens
665 1176 722 1236 ait:

108 1264 206 1325 Deum
222 1263 347 1334 videtis;
363 1262 493 1324 tribuam
505 1262 596 1324 vobis
611 1261 762 1337 protinus²

110 1348 199 1422 Quod
216 1361 358 1422 quaeque
373 1347 493 1421 optarit
522 1345 621 1405 Mater
635 1344 814 1420 suppliciter
828 1350 923 1416 rogat,

109 1432 271 1491 Barbatum
286 1437 318 1490 ut
332 1430 436 1490 videat
450 1437 551 1490 natum
568 1445 660 1505 quam
673 1428 805 1503 primum
819 1443 923 1496 suum3

109 1515 247 1586 Moecha,
263 1521 297 1574 ut
311 1522 457 1588 sequatur
471 1529 542 1574 sese
558 1512 703 1588 quicquid
718 1512 857 1586 tetigerit.
1029 1519 1058 1568 lo

74 1613 77 1618 ·
109 1599 201 1659 Volat
213 1598 485 1671 Mercurius,·intro
500 1598 630 1656 redeunt
643 1596 797 1655 mulieres,

101 1682 258 1746 ,Barbatus
273 1682 373 1741 inians
389 1697 462 1740 ecce
478 1680 597 1754 vagitus
613 1679 695 1738 ciet'

109 1766 144 1825 ld
159 1767 237 1826 forte
251 1765 392 1824 meretrix
408 1780 500 1840 quum
514 1764 626 1823 rideret
641 1762 781 1834 validius,

108 1849 205 1910 Nares
219 1849 349 1924 replevit
361 1848 479 1924 humor,
493 1854 527 1909 ut
539 1847 606 1907 lieri
620 1846 708 1906 solet

109 1932 280 2007 Emungere
295 1933 384 2008 igitur
399 1949 433 1993 se
447 1935 556 1995 volens
571 1930 693 2006 prendit
707 1945 799 1990 manu
1026 1942 1057 1993 lo

109 2016 272 2092 {lraxitquc
287 2024 317 2076 at
331 2024 442 2078 terram
456 2017 522 2077 nasi
538 2015 766 2090 longitudinem,

109 2099 146 2160 Et
159 2101 250 2160 elium
264 2100 369 2161 ridens
383 2101 453 2176 ipsa
466 2102 594 2161 ridenda
605 2098 728 2159 exstitit.

151 2183 249 2245 Docet
262 2185 333 2261 plus
348 2200 448 2260 aequo
464 2201 526 2244 non
540 2183 706 2260 petendum
721 2182 833 2244 fabula.

460 2319 632 2378 FABULA
653 2323 701 2378 lv.
781 2334 785 2343 ·

350 2413 601 2480 PROMETHEUS
621 2417 671 2479 ΕΤ
691 2417 827 2488 boloe.

154 2517 230 2578 Olim
243 2517 442 2578 Prometheus
458 2517 554 2579 seculi
569 2517 680 2595 figulus
696 2520 769 2593 noui

113 2604 191 2663 Cura
205 2601 307 2662 subtili
321 2601 487 2662 Veritatem
502 2603 624 2678 feceret

109 2686 151 2748 Ut
161 2686 233 2762 jura
247 2692 356 2761 posset
370 2686 447 2746 inter
460 2682 599 2747 homines
614 2689 754 2749 reddere.

112 2769 219 2831 Subito
233 2769 401 2829 accersitus
416 2770 520 2830 nuntio
534 2769 635 2845 magni
650 2771 736 2832 lovis

112 2854 311 2915 Commendet
325 2853 477 2912 officinam
492 2854 592 2913 fallaci
606 2855 694 2928 Dolo,

110 2937 145 2998 ln
161 2935 355 3013 disciplinam
369 2952 467 3013 nuper
481 2953 571 3012 quem
585 2937 753 3016 receperat.

110 3022 168 3081 Hic
182 3021 284 3081 studio
300 3035 459 3094 accensus,
474 3022 553 3082 facie
568 3023 762 3084 simulacrum
777 3020 854 3097 pari,

110 3105 181 3166 Una
194 3111 318 3176 statura,
335 3105 433 3163 simile
448 3113 478 3164 et
491 3106 634 3167 membris
650 3105 800 3177 omnibus,

111 3188 191 3249 Dum
207 3197 326 3264 tempus
340 3181 453 3259 habuit,
470 3188 580 3249 callida
594 3190 681 3249 finxit
695 3205 796 3247 manu.

113 3271 202 3346 Quod
216 3287 315 3348 prope
326 3270 391 3346 jem
405 3276 501 3332 totum
515 3271 589 3330 mire
605 3289 696 3346 quum
712 3270 844 3346 positum
860 3270 947 3344 soret,
1025 3281 1059 3333 10

111 3356 221 3416 Lutum
237 3356 276 3415 ad
291 3354 449 3416 iaciendos
464 3353 506 3412 illi
522 3350 634 3414 deiecit
647 3355 755 3429 pedes.

111 3438 203 3500 Redit
216 3439 368 3515 magister,
384 3454 446 3514 quo
461 3437 639 3499 festinanter
648 3438 745 3499 Dolus
