<?xml version="1.0" encoding="UTF-8"?>
<!DOCTYPE html PUBLIC "-//W3C//DTD XHTML 1.0 Transitional//EN"
    "http://www.w3.org/TR/xhtml1/DTD/xhtml1-transitional.dtd">
<html xmlns="http://www.w3.org/1999/xhtml" xml:lang="en" lang="en">
 <head>
  <title>
</title>
<meta http-equiv="Content-Type" content="text/html;charset=utf-8" />
  <meta name='ocr-system' content='tesseract 3.04.00' />
  <meta name='ocr-capabilities' content='ocr_page ocr_carea ocr_par ocr_line ocrx_word'/>
</head>
<body>
  <div class='ocr_page' id='page_1' title='image "./phaedriaugustil02phaegoog_0073.png"; bbox 0 0 2326 3810; ppageno 0'>
   <div class='ocr_carea' id='block_1_1' title="bbox 144 157 838 235">
    <p class='ocr_par' dir='ltr' id='par_1_1' title="bbox 144 157 838 235">
     <span class='ocr_line' id='line_1_1' title="bbox 144 157 838 235; baseline 0.006 -4"><span class='ocrx_word' id='word_1_1' title='bbox 144 168 186 231; x_wconf 79' lang='lat'><strong>54</strong></span> <span class='ocrx_word' id='word_1_2' title='bbox 400 157 838 235; x_wconf 77' lang='lat' dir='ltr'><strong>rnnuomrnautnnunr</strong></span> 
     </span>
    </p>
   </div>
   <div class='ocr_carea' id='block_1_2' title="bbox 98 323 924 1320">
    <p class='ocr_par' dir='ltr' id='par_1_2' title="bbox 98 323 913 1138">
     <span class='ocr_line' id='line_1_2' title="bbox 143 323 684 386; baseline -0.002 -3"><span class='ocrx_word' id='word_1_3' title='bbox 143 326 225 384; x_wconf 89' lang='lat' dir='ltr'><strong>Metu</strong></span> <span class='ocrx_word' id='word_1_4' title='bbox 241 325 376 385; x_wconf 86' lang='lat' dir='ltr'><strong>turbatus</strong></span> <span class='ocrx_word' id='word_1_5' title='bbox 392 324 422 384; x_wconf 92' lang='lat' dir='ltr'><strong>in</strong></span> <span class='ocrx_word' id='word_1_6' title='bbox 438 339 496 386; x_wconf 92' lang='lat' dir='ltr'><strong>suo</strong></span> <span class='ocrx_word' id='word_1_7' title='bbox 512 323 592 385; x_wconf 92' lang='lat' dir='ltr'><strong>sedit</strong></span> <span class='ocrx_word' id='word_1_8' title='bbox 605 324 684 385; x_wconf 89' lang='lat' dir='ltr'><strong>loco.</strong></span> 
     </span>
     <span class='ocr_line' id='line_1_3' title="bbox 143 407 856 483; baseline 0.003 -17"><span class='ocrx_word' id='word_1_9' title='bbox 143 408 257 467; x_wconf 90' lang='lat' dir='ltr'><strong>Mirans</strong></span> <span class='ocrx_word' id='word_1_10' title='bbox 271 407 470 468; x_wconf 81' lang='lat' dir='ltr'><strong>Prometheus</strong></span> <span class='ocrx_word' id='word_1_11' title='bbox 484 414 597 468; x_wconf 77' lang='lat' dir='ltr'><strong>tantam</strong></span> <span class='ocrx_word' id='word_1_12' title='bbox 617 407 856 483; x_wconf 62' lang='lat' dir='ltr'><strong>similitudinem,</strong></span> 
     </span>
     <span class='ocr_line' id='line_1_4' title="bbox 142 491 751 566; baseline -0.002 -16"><span class='ocrx_word' id='word_1_13' title='bbox 142 491 289 566; x_wconf 84' lang='lat' dir='ltr'><strong>Propriae</strong></span> <span class='ocrx_word' id='word_1_14' title='bbox 302 492 400 552; x_wconf 87' lang='lat' dir='ltr'><strong>videri</strong></span> <span class='ocrx_word' id='word_1_15' title='bbox 413 493 511 552; x_wconf 92' lang='lat' dir='ltr'><strong>voluit</strong></span> <span class='ocrx_word' id='word_1_16' title='bbox 524 491 598 551; x_wconf 91' lang='lat' dir='ltr'><strong>artis</strong></span> <span class='ocrx_word' id='word_1_17' title='bbox 613 492 751 566; x_wconf 83' lang='lat' dir='ltr'><strong>gloriam.</strong></span> 
     </span>
     <span class='ocr_line' id='line_1_5' title="bbox 141 575 802 651; baseline 0.002 -17"><span class='ocrx_word' id='word_1_18' title='bbox 141 576 236 650; x_wconf 78' lang='lat' dir='ltr'><strong>Igitur</strong></span> <span class='ocrx_word' id='word_1_19' title='bbox 250 576 367 635; x_wconf 87' lang='lat' dir='ltr'><strong>tornaci</strong></span> <span class='ocrx_word' id='word_1_20' title='bbox 381 578 494 651; x_wconf 90' lang='lat' dir='ltr'><strong>pariter</strong></span> <span class='ocrx_word' id='word_1_21' title='bbox 509 575 571 635; x_wconf 93' lang='lat' dir='ltr'><strong>duo</strong></span> <span class='ocrx_word' id='word_1_22' title='bbox 587 575 675 649; x_wconf 86' lang='lat' dir='ltr'><strong>signa</strong></span> <span class='ocrx_word' id='word_1_23' title='bbox 689 575 802 645; x_wconf 88' lang='lat' dir='ltr'><strong>intulit;</strong></span> 
     </span>
     <span class='ocr_line' id='line_1_6' title="bbox 143 658 782 734; baseline 0 -17"><span class='ocrx_word' id='word_1_24' title='bbox 143 659 257 733; x_wconf 80' lang='lat' dir='ltr'><strong>Quibus</strong></span> <span class='ocrx_word' id='word_1_25' title='bbox 273 661 425 734; x_wconf 90' lang='lat' dir='ltr'><strong>percoctis</strong></span> <span class='ocrx_word' id='word_1_26' title='bbox 440 665 533 734; x_wconf 89' lang='lat' dir='ltr'><strong>atque</strong></span> <span class='ocrx_word' id='word_1_27' title='bbox 546 658 648 718; x_wconf 86' lang='lat' dir='ltr'><strong>inluso</strong></span> <span class='ocrx_word' id='word_1_28' title='bbox 665 659 782 733; x_wconf 90' lang='lat' dir='ltr'><strong>spiritu,</strong></span> 
     </span>
     <span class='ocr_line' id='line_1_7' title="bbox 140 741 822 818; baseline 0.001 -17"><span class='ocrx_word' id='word_1_29' title='bbox 140 742 281 803; x_wconf 83' lang='lat' dir='ltr'><strong>Modesto</strong></span> <span class='ocrx_word' id='word_1_30' title='bbox 297 757 408 818; x_wconf 88' lang='lat' dir='ltr'><strong>gressu</strong></span> <span class='ocrx_word' id='word_1_31' title='bbox 424 747 531 802; x_wconf 84' lang='lat' dir='ltr'><strong>sancta</strong></span> <span class='ocrx_word' id='word_1_32' title='bbox 544 741 671 802; x_wconf 83' lang='lat' dir='ltr'><strong>incessit</strong></span> <span class='ocrx_word' id='word_1_33' title='bbox 682 743 822 812; x_wconf 78' lang='lat' dir='ltr'><strong>Veritds3</strong></span> 
     </span>
     <span class='ocr_line' id='line_1_8' title="bbox 141 825 753 900; baseline -0.002 -14"><span class='ocrx_word' id='word_1_34' title='bbox 141 829 182 886; x_wconf 78' lang='lat' dir='ltr'><strong>At</strong></span> <span class='ocrx_word' id='word_1_35' title='bbox 196 833 303 887; x_wconf 91' lang='lat' dir='ltr'><strong>trunca</strong></span> <span class='ocrx_word' id='word_1_36' title='bbox 317 825 438 900; x_wconf 92' lang='lat' dir='ltr'><strong>species</strong></span> <span class='ocrx_word' id='word_1_37' title='bbox 453 825 553 885; x_wconf 79' lang='lat' dir='ltr'><strong>haesit</strong></span> <span class='ocrx_word' id='word_1_38' title='bbox 567 825 597 884; x_wconf 93' lang='lat' dir='ltr'><strong>in</strong></span> <span class='ocrx_word' id='word_1_39' title='bbox 611 827 753 900; x_wconf 89' lang='lat' dir='ltr'><strong>vestigio.</strong></span> 
     </span>
     <span class='ocr_line' id='line_1_9' title="bbox 98 909 879 985; baseline 0.003 -17"><span class='ocrx_word' id='word_1_40' title='bbox 98 922 102 931; x_wconf 88' lang='grc'><strong>’</strong></span> <span class='ocrx_word' id='word_1_41' title='bbox 140 911 224 970; x_wconf 88' lang='lat' dir='ltr'><strong>Tunc</strong></span> <span class='ocrx_word' id='word_1_42' title='bbox 239 910 317 968; x_wconf 90' lang='lat' dir='ltr'><strong>lalsa</strong></span> <span class='ocrx_word' id='word_1_43' title='bbox 331 909 432 983; x_wconf 85' lang='lat' dir='ltr'><strong>imago</strong></span> <span class='ocrx_word' id='word_1_44' title='bbox 447 916 540 985; x_wconf 89' lang='lat' dir='ltr'><strong>atque</strong></span> <span class='ocrx_word' id='word_1_45' title='bbox 556 909 663 984; x_wconf 90' lang='lat' dir='ltr'><strong>operis</strong></span> <span class='ocrx_word' id='word_1_46' title='bbox 675 910 777 970; x_wconf 91' lang='lat' dir='ltr'><strong>turtivi</strong></span> <span class='ocrx_word' id='word_1_47' title='bbox 792 910 879 970; x_wconf 89' lang='lat' dir='ltr'><strong>labor</strong></span> 
     </span>
     <span class='ocr_line' id='line_1_10' title="bbox 140 991 913 1068; baseline 0.003 -17"><span class='ocrx_word' id='word_1_48' title='bbox 140 991 335 1052; x_wconf 83' lang='lat' dir='ltr'><strong>Mendacium</strong></span> <span class='ocrx_word' id='word_1_49' title='bbox 350 995 536 1068; x_wconf 87' lang='lat' dir='ltr'><strong>appellatum</strong></span> <span class='ocrx_word' id='word_1_50' title='bbox 551 1000 614 1062; x_wconf 87' lang='lat' dir='ltr'><strong>est;</strong></span> <span class='ocrx_word' id='word_1_51' title='bbox 631 995 715 1068; x_wconf 89' lang='lat' dir='ltr'><strong>quod</strong></span> <span class='ocrx_word' id='word_1_52' title='bbox 728 994 913 1068; x_wconf 87' lang='lat' dir='ltr'><strong>negantibus</strong></span> 
     </span>
     <span class='ocr_line' id='line_1_11' title="bbox 139 1076 733 1138; baseline 0.002 -3"><span class='ocrx_word' id='word_1_53' title='bbox 139 1076 238 1136; x_wconf 86' lang='lat' dir='ltr'><strong>Pedes</strong></span> <span class='ocrx_word' id='word_1_54' title='bbox 253 1077 367 1136; x_wconf 91' lang='lat' dir='ltr'><strong>habere</strong></span> <span class='ocrx_word' id='word_1_55' title='bbox 382 1077 479 1137; x_wconf 84' lang='lat' dir='ltr'><strong>tacitis</strong></span> <span class='ocrx_word' id='word_1_56' title='bbox 495 1083 543 1137; x_wconf 91' lang='lat' dir='ltr'><strong>cst</strong></span> <span class='ocrx_word' id='word_1_57' title='bbox 558 1078 733 1138; x_wconf 87' lang='lat' dir='ltr'><strong>consensio.</strong></span> 
     </span>
    </p>

    <p class='ocr_par' dir='ltr' id='par_1_3' title="bbox 140 1159 924 1320">
     <span class='ocr_line' id='line_1_12' title="bbox 181 1159 924 1235; baseline 0 -15"><span class='ocrx_word' id='word_1_58' title='bbox 181 1159 328 1220; x_wconf 87' lang='lat' dir='ltr'><strong>Simulata</strong></span> <span class='ocrx_word' id='word_1_59' title='bbox 342 1161 494 1220; x_wconf 88' lang='lat' dir='ltr'><strong>interdum</strong></span> <span class='ocrx_word' id='word_1_60' title='bbox 508 1161 583 1221; x_wconf 77' lang='lat' dir='ltr'><strong>vido</strong></span> <span class='ocrx_word' id='word_1_61' title='bbox 597 1168 728 1235; x_wconf 91' lang='lat' dir='ltr'><strong>prosunt</strong></span> <span class='ocrx_word' id='word_1_62' title='bbox 740 1160 924 1234; x_wconf 86' lang='lat' dir='ltr'><strong>hominibus,</strong></span> 
     </span>
     <span class='ocr_line' id='line_1_13' title="bbox 140 1242 837 1320; baseline 0 -18"><span class='ocrx_word' id='word_1_63' title='bbox 140 1242 201 1302; x_wconf 85' lang='lat' dir='ltr'><strong>Sed</strong></span> <span class='ocrx_word' id='word_1_64' title='bbox 219 1251 356 1318; x_wconf 90' lang='lat' dir='ltr'><strong>tempore</strong></span> <span class='ocrx_word' id='word_1_65' title='bbox 370 1244 439 1319; x_wconf 92' lang='lat' dir='ltr'><strong>ipso</strong></span> <span class='ocrx_word' id='word_1_66' title='bbox 455 1250 555 1302; x_wconf 90' lang='lat' dir='ltr'><strong>tamen</strong></span> <span class='ocrx_word' id='word_1_67' title='bbox 572 1251 700 1320; x_wconf 88' lang='lat' dir='ltr'><strong>apparet</strong></span> <span class='ocrx_word' id='word_1_68' title='bbox 713 1243 837 1306; x_wconf 78' lang='lat' dir='ltr'><strong>veritas</strong></span> 
     </span>
    </p>
   </div>
   <div class='ocr_carea' id='block_1_3' title="bbox 494 1378 727 1436">
    <p class='ocr_par' dir='ltr' id='par_1_4' title="bbox 494 1378 727 1436">
     <span class='ocr_line' id='line_1_14' title="bbox 494 1378 727 1436; baseline 0.004 -1"><span class='ocrx_word' id='word_1_69' title='bbox 494 1378 672 1436; x_wconf 80' lang='lat' dir='ltr'><strong>FABULA</strong></span> <span class='ocrx_word' id='word_1_70' title='bbox 693 1381 727 1436; x_wconf 94' lang='lat' dir='ltr'><strong>V.</strong></span> 
     </span>
    </p>
   </div>
   <div class='ocr_carea' id='block_1_4' title="bbox 527 1476 689 1540">
    <p class='ocr_par' dir='ltr' id='par_1_5' title="bbox 527 1476 689 1540">
     <span class='ocr_line' id='line_1_15' title="bbox 527 1476 689 1540; baseline 0.006 -2"><span class='ocrx_word' id='word_1_71' title='bbox 527 1476 689 1540; x_wconf 78' lang='lat' dir='ltr'>AUCTOR.</span> 
     </span>
    </p>
   </div>
   <div class='ocr_carea' id='block_1_5' title="bbox 136 1580 872 1907">
    <p class='ocr_par' dir='ltr' id='par_1_6' title="bbox 136 1580 872 1907">
     <span class='ocr_line' id='line_1_16' title="bbox 178 1580 741 1656; baseline -0.002 -18"><span class='ocrx_word' id='word_1_72' title='bbox 178 1580 264 1640; x_wconf 90' lang='lat' dir='ltr'><strong>Ixion</strong></span> <span class='ocrx_word' id='word_1_73' title='bbox 281 1581 364 1656; x_wconf 88' lang='lat' dir='ltr'><strong>quod</strong></span> <span class='ocrx_word' id='word_1_74' title='bbox 379 1581 497 1642; x_wconf 87' lang='lat' dir='ltr'><strong>versari</strong></span> <span class='ocrx_word' id='word_1_75' title='bbox 511 1587 650 1640; x_wconf 87' lang='lat' dir='ltr'><strong>narratur</strong></span> <span class='ocrx_word' id='word_1_76' title='bbox 664 1586 741 1651; x_wconf 78' lang='lat' dir='ltr'><strong>rota,-</strong></span> 
     </span>
     <span class='ocr_line' id='line_1_17' title="bbox 136 1663 763 1740; baseline 0.002 -19"><span class='ocrx_word' id='word_1_77' title='bbox 136 1664 310 1724; x_wconf 85' lang='lat' dir='ltr'><strong>Volubilem</strong></span> <span class='ocrx_word' id='word_1_78' title='bbox 323 1663 489 1726; x_wconf 87' lang='lat' dir='ltr'><strong>Fortunam</strong></span> <span class='ocrx_word' id='word_1_79' title='bbox 499 1664 609 1740; x_wconf 88' lang='lat' dir='ltr'><strong>jactari</strong></span> <span class='ocrx_word' id='word_1_80' title='bbox 622 1665 723 1724; x_wconf 89' lang='lat' dir='ltr'><strong>docet.</strong></span> <span class='ocrx_word' id='word_1_81' title='bbox 760 1668 763 1676; x_wconf 88' lang='lat'>&#39;</span> 
     </span>
     <span class='ocr_line' id='line_1_18' title="bbox 136 1747 772 1827; baseline 0 -21"><span class='ocrx_word' id='word_1_82' title='bbox 136 1747 297 1808; x_wconf 88' lang='lat' dir='ltr'><strong>Adversus</strong></span> <span class='ocrx_word' id='word_1_83' title='bbox 313 1748 391 1810; x_wconf 88' lang='lat' dir='ltr'><strong>altos</strong></span> <span class='ocrx_word' id='word_1_84' title='bbox 404 1748 560 1827; x_wconf 83' lang='lat' dir='ltr'><strong>Sisyphus</strong></span> <span class='ocrx_word' id='word_1_85' title='bbox 574 1754 695 1808; x_wconf 91' lang='lat' dir='ltr'><strong>montes</strong></span> <span class='ocrx_word' id='word_1_86' title='bbox 710 1747 772 1821; x_wconf 87' lang='lat' dir='ltr'><strong>agit</strong></span> 
     </span>
     <span class='ocr_line' id='line_1_19' title="bbox 137 1829 872 1907; baseline 0.001 -18"><span class='ocrx_word' id='word_1_87' title='bbox 137 1829 251 1890; x_wconf 88' lang='lat' dir='ltr'><strong>Saxum</strong></span> <span class='ocrx_word' id='word_1_88' title='bbox 266 1830 372 1892; x_wconf 90' lang='lat' dir='ltr'><strong>labore</strong></span> <span class='ocrx_word' id='word_1_89' title='bbox 387 1847 515 1906; x_wconf 87' lang='lat' dir='ltr'><strong>summo,</strong></span> <span class='ocrx_word' id='word_1_90' title='bbox 532 1832 617 1907; x_wconf 91' lang='lat' dir='ltr'><strong>quod</strong></span> <span class='ocrx_word' id='word_1_91' title='bbox 631 1832 670 1891; x_wconf 89' lang='lat' dir='ltr'><strong>de</strong></span> <span class='ocrx_word' id='word_1_92' title='bbox 683 1830 807 1905; x_wconf 85' lang='lat' dir='ltr'><strong>vertice,</strong></span> <span class='ocrx_word' id='word_1_93' title='bbox 868 1861 872 1866; x_wconf 94' lang='lat'>·</span> 
     </span>
    </p>
   </div>
   <div class='ocr_carea' id='block_1_6' title="bbox 129 1911 854 2826">
    <p class='ocr_par' dir='ltr' id='par_1_7' title="bbox 136 1911 695 1990">
     <span class='ocr_line' id='line_1_20' title="bbox 136 1911 695 1990; baseline 0.002 -18"><span class='ocrx_word' id='word_1_94' title='bbox 136 1911 257 1973; x_wconf 86' lang='lat' dir='ltr'><strong>Sudore</strong></span> <span class='ocrx_word' id='word_1_95' title='bbox 272 1929 395 1990; x_wconf 87' lang='lat' dir='ltr'><strong>semper</strong></span> <span class='ocrx_word' id='word_1_96' title='bbox 409 1915 503 1989; x_wconf 91' lang='lat' dir='ltr'><strong>irrito,</strong></span> <span class='ocrx_word' id='word_1_97' title='bbox 518 1915 695 1987; x_wconf 88' lang='lat' dir='ltr'><strong>revolvitur,</strong></span> 
     </span>
    </p>

    <p class='ocr_par' dir='ltr' id='par_1_8' title="bbox 129 1995 854 2826">
     <span class='ocr_line' id='line_1_21' title="bbox 135 1995 852 2058; baseline 0.001 -4"><span class='ocrx_word' id='word_1_98' title='bbox 135 1995 274 2057; x_wconf 85' lang='lat' dir='ltr'><strong>Ostendit</strong></span> <span class='ocrx_word' id='word_1_99' title='bbox 287 1997 444 2058; x_wconf 91' lang='lat' dir='ltr'><strong>hominum</strong></span> <span class='ocrx_word' id='word_1_100' title='bbox 458 1998 525 2057; x_wconf 92' lang='lat' dir='ltr'><strong>sine</strong></span> <span class='ocrx_word' id='word_1_101' title='bbox 539 1998 601 2056; x_wconf 92' lang='lat' dir='ltr'><strong>fine</strong></span> <span class='ocrx_word' id='word_1_102' title='bbox 617 2013 688 2056; x_wconf 87' lang='lat' dir='ltr'><strong>esse</strong></span> <span class='ocrx_word' id='word_1_103' title='bbox 702 1996 852 2058; x_wconf 90' lang='lat' dir='ltr'><strong>miserias.</strong></span> 
     </span>
     <span class='ocr_line' id='line_1_22' title="bbox 134 2079 834 2155; baseline 0.003 -16"><span class='ocrx_word' id='word_1_104' title='bbox 134 2079 224 2153; x_wconf 78' lang='lat' dir='ltr'><strong>Quod</strong></span> <span class='ocrx_word' id='word_1_105' title='bbox 239 2087 324 2140; x_wconf 88' lang='lat' dir='ltr'><strong>stans</strong></span> <span class='ocrx_word' id='word_1_106' title='bbox 339 2081 369 2139; x_wconf 90' lang='lat' dir='ltr'><strong>ln</strong></span> <span class='ocrx_word' id='word_1_107' title='bbox 385 2096 474 2140; x_wconf 86' lang='lat' dir='ltr'><strong>amne</strong></span> <span class='ocrx_word' id='word_1_108' title='bbox 487 2082 631 2141; x_wconf 86' lang='lat' dir='ltr'><strong>Tantalus</strong></span> <span class='ocrx_word' id='word_1_109' title='bbox 647 2080 747 2140; x_wconf 91' lang='lat' dir='ltr'><strong>medio</strong></span> <span class='ocrx_word' id='word_1_110' title='bbox 763 2081 834 2155; x_wconf 89' lang='lat' dir='ltr'><strong>sitit,</strong></span> 
     </span>
     <span class='ocr_line' id='line_1_23' title="bbox 133 2163 763 2241; baseline 0.002 -18"><span class='ocrx_word' id='word_1_111' title='bbox 133 2163 228 2223; x_wconf 84' lang='lat' dir='ltr'><strong>Avari</strong></span> <span class='ocrx_word' id='word_1_112' title='bbox 244 2164 467 2238; x_wconf 88' lang='lat' dir='ltr'><strong>describuntur,</strong></span> <span class='ocrx_word' id='word_1_113' title='bbox 485 2180 564 2241; x_wconf 88' lang='lat' dir='ltr'><strong>quos</strong></span> <span class='ocrx_word' id='word_1_114' title='bbox 580 2163 763 2225; x_wconf 90' lang='lat' dir='ltr'><strong>circumfluit</strong></span> 
     </span>
     <span class='ocr_line' id='line_1_24' title="bbox 132 2248 824 2326; baseline 0 -19"><span class='ocrx_word' id='word_1_115' title='bbox 132 2248 215 2308; x_wconf 87' lang='lat' dir='ltr'><strong>Usus</strong></span> <span class='ocrx_word' id='word_1_116' title='bbox 230 2249 390 2324; x_wconf 87' lang='lat' dir='ltr'><strong>bonorum,</strong></span> <span class='ocrx_word' id='word_1_117' title='bbox 406 2250 464 2310; x_wconf 89' lang='lat' dir='ltr'><strong>sed</strong></span> <span class='ocrx_word' id='word_1_118' title='bbox 479 2249 519 2309; x_wconf 93' lang='lat' dir='ltr'><strong>nil</strong></span> <span class='ocrx_word' id='word_1_119' title='bbox 536 2255 668 2326; x_wconf 91' lang='lat' dir='ltr'><strong>possunt</strong></span> <span class='ocrx_word' id='word_1_120' title='bbox 682 2255 824 2322; x_wconf 62' lang='lat' dir='ltr'><strong>tangere„</strong></span> 
     </span>
     <span class='ocr_line' id='line_1_25' title="bbox 131 2331 820 2410; baseline 0.004 -23"><span class='ocrx_word' id='word_1_121' title='bbox 131 2331 224 2392; x_wconf 81' lang='lat' dir='ltr'><strong>Urnis</strong></span> <span class='ocrx_word' id='word_1_122' title='bbox 240 2334 391 2393; x_wconf 88' lang='lat' dir='ltr'><strong>scelestae</strong></span> <span class='ocrx_word' id='word_1_123' title='bbox 405 2334 559 2394; x_wconf 87' lang='lat' dir='ltr'><strong>Danaides</strong></span> <span class='ocrx_word' id='word_1_124' title='bbox 575 2338 697 2410; x_wconf 92' lang='lat' dir='ltr'><strong>portant</strong></span> <span class='ocrx_word' id='word_1_125' title='bbox 711 2347 820 2408; x_wconf 88' lang='lat' dir='ltr'><strong>aquas,</strong></span> 
     </span>
     <span class='ocr_line' id='line_1_26' title="bbox 131 2413 760 2491; baseline 0.008 -20"><span class='ocrx_word' id='word_1_126' title='bbox 131 2413 258 2475; x_wconf 89' lang='lat' dir='ltr'><strong>Pertusa</strong></span> <span class='ocrx_word' id='word_1_127' title='bbox 272 2431 330 2475; x_wconf 88' lang='lat' dir='ltr'><strong>nec</strong></span> <span class='ocrx_word' id='word_1_128' title='bbox 345 2419 499 2490; x_wconf 89' lang='lat' dir='ltr'><strong>complere</strong></span> <span class='ocrx_word' id='word_1_129' title='bbox 514 2423 647 2491; x_wconf 92' lang='lat' dir='ltr'><strong>possunt</strong></span> <span class='ocrx_word' id='word_1_130' title='bbox 660 2417 760 2486; x_wconf 86' lang='lat' dir='ltr'><strong>dolia;</strong></span> 
     </span>
     <span class='ocr_line' id='line_1_27' title="bbox 131 2497 854 2573; baseline 0.004 -18"><span class='ocrx_word' id='word_1_131' title='bbox 131 2497 235 2571; x_wconf 88' lang='lat' dir='ltr'><strong>Immo,</strong></span> <span class='ocrx_word' id='word_1_132' title='bbox 251 2498 389 2560; x_wconf 87' lang='lat' dir='ltr'><strong>luxuriae</strong></span> <span class='ocrx_word' id='word_1_133' title='bbox 405 2499 551 2573; x_wconf 87' lang='lat' dir='ltr'><strong>quicquid</strong></span> <span class='ocrx_word' id='word_1_134' title='bbox 565 2499 697 2572; x_wconf 87' lang='lat' dir='ltr'><strong>dederis,</strong></span> <span class='ocrx_word' id='word_1_135' title='bbox 713 2498 854 2573; x_wconf 88' lang='lat' dir='ltr'><strong>perfluet.</strong></span> 
     </span>
     <span class='ocr_line' id='line_1_28' title="bbox 129 2579 806 2660; baseline 0.007 -23"><span class='ocrx_word' id='word_1_136' title='bbox 129 2579 247 2643; x_wconf 86' lang='lat' dir='ltr'><strong>Novem</strong></span> <span class='ocrx_word' id='word_1_137' title='bbox 261 2587 422 2655; x_wconf 91' lang='lat' dir='ltr'><strong>porrectus</strong></span> <span class='ocrx_word' id='word_1_138' title='bbox 436 2583 543 2660; x_wconf 85' lang='lat' dir='ltr'><strong>Tityos</strong></span> <span class='ocrx_word' id='word_1_139' title='bbox 559 2588 606 2642; x_wconf 90' lang='lat' dir='ltr'><strong>est</strong></span> <span class='ocrx_word' id='word_1_140' title='bbox 620 2597 676 2657; x_wconf 87' lang='lat' dir='ltr'><strong>per</strong></span> <span class='ocrx_word' id='word_1_141' title='bbox 686 2580 806 2657; x_wconf 77' lang='lat' dir='ltr'><strong>jngere,</strong></span> 
     </span>
     <span class='ocr_line' id='line_1_29' title="bbox 129 2664 811 2742; baseline 0.004 -20"><span class='ocrx_word' id='word_1_142' title='bbox 129 2664 219 2724; x_wconf 85' lang='lat' dir='ltr'><strong>Tristi</strong></span> <span class='ocrx_word' id='word_1_143' title='bbox 233 2672 372 2725; x_wconf 90' lang='lat' dir='ltr'><strong>renatum</strong></span> <span class='ocrx_word' id='word_1_144' title='bbox 388 2681 558 2741; x_wconf 87' lang='lat' dir='ltr'><strong>suggerens</strong></span> <span class='ocrx_word' id='word_1_145' title='bbox 574 2681 694 2742; x_wconf 88' lang='lat' dir='ltr'><strong>poenae</strong></span> <span class='ocrx_word' id='word_1_146' title='bbox 704 2664 811 2740; x_wconf 88' lang='lat' dir='ltr'><strong>jecur;</strong></span> 
     </span>
     <span class='ocr_line' id='line_1_30' title="bbox 131 2745 838 2826; baseline 0.007 -21"><span class='ocrx_word' id='word_1_147' title='bbox 131 2745 196 2818; x_wconf 82' lang='lat' dir='ltr'><strong>Quo</strong></span> <span class='ocrx_word' id='word_1_148' title='bbox 213 2748 283 2822; x_wconf 86' lang='lat' dir='ltr'><strong>quis</strong></span> <span class='ocrx_word' id='word_1_149' title='bbox 298 2749 446 2823; x_wconf 88' lang='lat' dir='ltr'><strong>majorem</strong></span> <span class='ocrx_word' id='word_1_150' title='bbox 460 2751 601 2826; x_wconf 90' lang='lat' dir='ltr'><strong>possidet</strong></span> <span class='ocrx_word' id='word_1_151' title='bbox 614 2756 714 2810; x_wconf 90' lang='lat' dir='ltr'><strong>terrae</strong></span> <span class='ocrx_word' id='word_1_152' title='bbox 729 2752 838 2822; x_wconf 89' lang='lat' dir='ltr'><strong>locum,</strong></span> 
     </span>
    </p>
   </div>
   <div class='ocr_carea' id='block_1_7' title="bbox 19 2829 796 2908">
    <p class='ocr_par' dir='ltr' id='par_1_9' title="bbox 19 2829 796 2908">
     <span class='ocr_line' id='line_1_31' title="bbox 19 2829 796 2908; baseline 0.005 -22"><span class='ocrx_word' id='word_1_153' title='bbox 19 2875 25 2886; x_wconf 88' lang='lat'><em>.</em></span> <span class='ocrx_word' id='word_1_154' title='bbox 129 2829 195 2890; x_wconf 87' lang='lat' dir='ltr'><strong>Hoc</strong></span> <span class='ocrx_word' id='word_1_155' title='bbox 211 2831 438 2891; x_wconf 88' lang='lat' dir='ltr'><strong>demonstratur</strong></span> <span class='ocrx_word' id='word_1_156' title='bbox 453 2849 527 2894; x_wconf 90' lang='lat' dir='ltr'><strong>cura</strong></span> <span class='ocrx_word' id='word_1_157' title='bbox 540 2835 681 2908; x_wconf 89' lang='lat' dir='ltr'><strong>graviore</strong></span> <span class='ocrx_word' id='word_1_158' title='bbox 696 2833 796 2894; x_wconf 85' lang='lat' dir='ltr'><strong>adfici.</strong></span> 
     </span>
    </p>
   </div>
   <div class='ocr_carea' id='block_1_8' title="bbox 128 2913 780 3074">
    <p class='ocr_par' dir='ltr' id='par_1_10' title="bbox 128 2913 780 3074">
     <span class='ocr_line' id='line_1_32' title="bbox 130 2913 780 2990; baseline 0.003 -17"><span class='ocrx_word' id='word_1_159' title='bbox 130 2913 276 2976; x_wconf 79' lang='lat' dir='ltr'><strong>Consulto</strong></span> <span class='ocrx_word' id='word_1_160' title='bbox 290 2913 419 2975; x_wconf 90' lang='lat' dir='ltr'><strong>involvit</strong></span> <span class='ocrx_word' id='word_1_161' title='bbox 430 2917 589 2975; x_wconf 86' lang='lat' dir='ltr'><strong>veritatem</strong></span> <span class='ocrx_word' id='word_1_162' title='bbox 604 2917 780 2990; x_wconf 84' lang='lat' dir='ltr'><strong>antiquitas,-</strong></span> 
     </span>
     <span class='ocr_line' id='line_1_33' title="bbox 128 2997 761 3074; baseline -0.002 -17"><span class='ocrx_word' id='word_1_163' title='bbox 128 2997 168 3058; x_wconf 92' lang='lat' dir='ltr'><strong>Ut</strong></span> <span class='ocrx_word' id='word_1_164' title='bbox 182 2999 306 3073; x_wconf 88' lang='lat' dir='ltr'><strong>sapiens</strong></span> <span class='ocrx_word' id='word_1_165' title='bbox 322 2998 521 3074; x_wconf 77' lang='lat' dir='ltr'><strong>intellegeret,</strong></span> <span class='ocrx_word' id='word_1_166' title='bbox 537 3005 652 3058; x_wconf 89' lang='lat' dir='ltr'><strong>erraret</strong></span> <span class='ocrx_word' id='word_1_167' title='bbox 665 2999 761 3061; x_wconf 86' lang='lat' dir='ltr'><strong>rudis.</strong></span> 
     </span>
    </p>
   </div>
   <div class='ocr_carea' id='block_1_9' title="bbox 475 3134 811 3192">
    <p class='ocr_par' dir='ltr' id='par_1_11' title="bbox 475 3134 811 3192">
     <span class='ocr_line' id='line_1_34' title="bbox 475 3134 811 3192; baseline -0.021 0"><span class='ocrx_word' id='word_1_168' title='bbox 475 3134 651 3192; x_wconf 76' lang='lat' dir='ltr'><strong>aneath</strong></span> <span class='ocrx_word' id='word_1_169' title='bbox 671 3134 736 3189; x_wconf 78' lang='lat' dir='ltr'><strong>Vh·</strong></span> <span class='ocrx_word' id='word_1_170' title='bbox 807 3179 811 3185; x_wconf 90' lang='lat'>.</span> 
     </span>
    </p>
   </div>
   <div class='ocr_carea' id='block_1_10' title="bbox 520 3228 684 3294">
    <p class='ocr_par' dir='ltr' id='par_1_12' title="bbox 520 3228 684 3294">
     <span class='ocr_line' id='line_1_35' title="bbox 520 3228 684 3294; baseline 0.006 -1"><span class='ocrx_word' id='word_1_171' title='bbox 520 3228 684 3294; x_wconf 76' lang='lat' dir='ltr'>AUCTOR.</span> 
     </span>
    </p>
   </div>
   <div class='ocr_carea' id='block_1_11' title="bbox 128 3310 946 3488">
    <p class='ocr_par' dir='ltr' id='par_1_13' title="bbox 128 3310 946 3488">
     <span class='ocr_line' id='line_1_36' title="bbox 171 3310 946 3410; baseline 0.012 -21"><span class='ocrx_word' id='word_1_172' title='bbox 171 3329 278 3389; x_wconf 91' lang='lat' dir='ltr'><strong>Utilius</strong></span> <span class='ocrx_word' id='word_1_173' title='bbox 293 3310 474 3409; x_wconf 47' lang='lat' dir='ltr'><strong>nobis&#39;quid</strong></span> <span class='ocrx_word' id='word_1_174' title='bbox 489 3333 529 3395; x_wconf 91' lang='lat' dir='ltr'><strong>sit</strong></span> <span class='ocrx_word' id='word_1_175' title='bbox 543 3334 601 3408; x_wconf 89' lang='lat' dir='ltr'><strong>dic,</strong></span> <span class='ocrx_word' id='word_1_176' title='bbox 616 3333 750 3410; x_wconf 87' lang='lat' dir='ltr'><strong>Phoebe,</strong></span> <span class='ocrx_word' id='word_1_177' title='bbox 767 3335 909 3401; x_wconf 82' lang='lat' dir='ltr'><strong>obsecro.</strong></span> <span class='ocrx_word' id='word_1_178' title='bbox 937 3366 946 3381; x_wconf 91' lang='lat'><strong>·</strong></span> 
     </span>
     <span class='ocr_line' id='line_1_37' title="bbox 128 3412 881 3488; baseline 0.008 -16"><span class='ocrx_word' id='word_1_179' title='bbox 128 3412 183 3486; x_wconf 82' lang='lat' dir='ltr'><strong>Qui</strong></span> <span class='ocrx_word' id='word_1_180' title='bbox 198 3412 335 3488; x_wconf 88' lang='lat' dir='ltr'><strong>Delphos</strong></span> <span class='ocrx_word' id='word_1_181' title='bbox 350 3422 381 3475; x_wconf 87' lang='lat' dir='ltr'><strong>et</strong></span> <span class='ocrx_word' id='word_1_182' title='bbox 395 3416 564 3478; x_wconf 76' lang='lat' dir='ltr'><strong>formosum</strong></span> <span class='ocrx_word' id='word_1_183' title='bbox 578 3416 747 3480; x_wconf 87' lang='lat' dir='ltr'><strong>Parnasum</strong></span> <span class='ocrx_word' id='word_1_184' title='bbox 761 3417 881 3480; x_wconf 88' lang='lat' dir='ltr'><strong>incolis.</strong></span> 
     </span>
    </p>
   </div>
   <div class='ocr_carea' id='block_1_12' title="bbox 0 0 1168 3810">
    <p class='ocr_par' dir='ltr' id='par_1_14' title="bbox 0 0 1168 3810">
     <span class='ocr_line' id='line_1_38' title="bbox 0 0 1168 3810; baseline 0 6"><span class='ocrx_word' id='word_1_185' title='bbox 0 0 1168 3810; x_wconf 95' lang='lat' dir='ltr'><strong> </strong></span> 
     </span>
    </p>
   </div>
  </div>
 </body>
</html>
