2326 3810
492 199 685 262 APPENDIX
699 199 734 261 11.

115 352 260 414 Perduxit
272 350 417 429 precibus
431 358 511 427 post,
526 357 560 411 ut
573 350 679 411 urbem
693 351 826 412 restium

117 437 293 511 cellamque
307 436 432 496 intraret
445 433 587 495 omnibus
601 435 724 509 plenam
736 434 837 496 bonis.

115 520 148 578 ln
165 535 225 594 qua
240 520 313 581 dum
325 519 420 579 variis
434 516 629 594 pertruuntur
641 518 787 594 reliquiis,
904 564 908 574 .

115 604 207 663 Venit
219 603 353 679 repulsis
369 602 456 663 ostiis
472 601 624 663 cellarius

115 686 180 760 Quo
195 701 297 746 mures
311 686 440 762 strepitu
455 685 618 760 diffugiunt
631 686 780 760 perterriti

112 769 150 829 Et
163 769 244 830 notis
259 770 349 829 laoile
361 769 497 835 urbanus
512 785 548 829 se
562 769 666 829 condit
680 769 782 840 cavis;

112 852 154 911 At
167 853 261 913 miser
274 852 378 927 ignota
392 851 550 928 trepidans
563 851 695 912 rusticus
711 852 805 914 donno
928 888 931 894 ι

112 935 303 1014 Mortemque
316 941 454 1000 metuens
469 938 526 1009 per
539 935 671 1010 parietas
688 936 820 996 cursitat

111 1019 159 1093 Ut,
176 1034 256 1094 quae
267 1018 404 1092 volcbatJ
417 1018 539 1078 sustulit
553 1018 695 1078 cellarius
770 1072 772 1083 .

112 1102 288 1178 clausitque
302 1102 403 1175 limen,
418 1102 525 1162 iterum
539 1100 674 1163 urbanus
689 1100 835 1160 rusticum

110 1185 264 1249 Hortatur.
292 1187 346 1248 Ille
360 1184 546 1263 perturbatis
561 1185 721 1246 sensibus:

110 1269 181 1343 Vix,
197 1269 303 1347 inquit,
318 1285 447 1346 possum
462 1284 573 1344 capere
588 1284 662 1344 prae
677 1274 758 1328 motu
773 1267 883 1330 cibun

109 1351 243 1413 Putasne
255 1353 358 1412 veniet
372 1353 444 1412 illei
466 1352 550 1425 ¹Quid
560 1357 679 1418 tantum
693 1351 806 1411 timasi

110 1434 252 1497 Urbanus
267 1435 379 1512 inquit,
394 1450 453 1511 age
468 1436 603 1496 fruamur
615 1435 749 1508 ferculis,

111 1519 194 1592 Quae
209 1520 321 1581 frustra
333 1535 404 1580 rure
418 1534 559 1594 quaeras.
590 1518 702 1578 Contra
714 1518 861 1590 rusticusz

109 1602 163 1677 Tu,
180 1603 232 1678 qui
245 1603 352 1668 timere
365 1603 478 1674 nescis,
494 1603 595 1662 lruere
608 1601 658 1667 his
673 1600 832 1671 omnibus;

109 1688 150 1745 At
163 1702 212 1746 me
226 1701 369 1747 securum
382 1691 491 1765 paseat
504 1685 592 1760 glans
607 1689 637 1743 et
650 1683 788 1743 liborum.

149 1769 184 1828 In
197 1776 378 1846 paupertate
392 1775 488 1829 tutum
503 1773 638 1844 praestat
652 1766 765 1840 vivere,

110 1851 205 1925 Quam
220 1851 394 1916 divitiarum
407 1850 493 1930 oarpl
507 1849 723 1913 sollicitudine.

457 1982 634 2080 ineunt
654 2017 701 2074 ur.

305 2130 441 2194 neruus
462 2130 614 2195 oonrno
634 2129 858 2193 nummus

148 2264 285 2326 Blandiri
300 2263 424 2325 donuno
440 2263 555 2324 asellus
568 2269 602 2324 ut
615 2263 692 2323 vidlt
706 2278 763 2323 suo
871 2276 877 2284 ’

107 2351 219 2410 Canem
234 2354 264 2408 et
279 2348 319 2407 de
331 2363 440 2407 mensa
453 2346 581 2407 saturari
596 2346 734 2421 quotidie

105 2433 143 2492 Et
156 2434 254 2493 frusta
267 2431 390 2505 largiter
399 2430 509 2505 jactari
524 2430 689 2505 elamita,
719 2459 722 2463 ·
779 2460 784 2467 ·

106 2517 158 2576 Sic
173 2523 220 2576 est
234 2515 368 2574 locutus=
398 2515 553 2582 Sicanem
566 2513 840 2576 immundissimum

104 2599 253 2661 Dominus
268 2604 299 2659 et
312 2604 376 2659 tota
389 2598 436 2659 sic
451 2598 564 2658 familia
578 2598 714 2674 diligunt,

105 2682 223 2755 Quanto
236 2681 336 2756 magis
351 2697 400 2741 nra
415 2682 529 2756 diliget,
543 2681 571 2740 si
584 2682 687 2741 fecero

104 2764 163 2825 Par
176 2764 320 2836 officium,
337 2765 389 2838 qui
403 2765 497 2824 multo
513 2779 582 2823 sum
595 2764 704 2822 molior
718 2779 795 2822 cane

103 2846 272 2921 Rebusque
287 2845 425 2922 pluribus
442 2847 522 2906 utilis
536 2848 567 2906 ei
579 2845 755 2920 laudabilis
798 2868 801 2873 ·
890 2870 893 2875 ·

103 2933 213 3005 Aquae
229 2929 280 3004 qui
295 2929 429 2991 tontibus
443 2929 570 3006 insuper
583 2930 698 2990 sanetis
712 2930 789 3003 alor,

105 3013 259 3090 Cibusque
273 3027 395 3088 semper
409 3013 458 3074 eui
472 3013 603 3075 mundus
618 3013 698 3073 solet
712 3013 801 3072 derit

105 3097 179 3159 Sum
193 3111 268 3158 sane
283 3096 382 3158 catulo
399 3097 520 3172 dignior
532 3098 595 3157 vita
609 3097 667 3156 lrui

103 3180 245 3244 Beatiore
259 3186 290 3241 et
304 3196 454 3241 summum
467 3178 615 3240 honorem
631 3178 789 3254 consequi.
851 3185 854 3189 ’

104 3265 227 3326 Asellus
242 3263 408 3326 haeodum
422 3278 537 3336 secum,
554 3263 707 3323 stabulum
722 3259 875 3336 conspicit
942 3260 960 3318 .’

103 3347 218 3408 inuare
232 3348 397 3410 dominum.
425 3346 526 3421 Quare
540 3361 703 3407 occurrens
719 3345 805 3407 ocius

103 3431 291 3510 Rudensquo
306 3432 426 3509 prosilit
439 3437 470 3492 et
482 3429 618 3492 humeris
631 3428 740 3490 cmhos
754 3428 853 3506 pedes
965 3499 967 3506 ¹
985 3482 992 3492 .
