2326 3810
453 172 645 272 nrruunur
665 172 703 234 u.
780 214 784 221 .

103 279 239 404 Populus
254 333 289 396 ut
300 325 378 388 vidit
390 326 477 400 haee,
493 306 671 387 abestiario

102 411 230 472 Miratus
245 426 371 472 oausam
384 411 545 486 quaesivit,
562 427 623 484 qua
636 410 757 472 reddita

103 494 215 570 Magno
230 495 290 555 illis
305 495 522 570 indulgentiam
537 493 695 569 suffragio

103 576 200 638 Petiit.
227 579 295 639 Rex
309 587 343 639 ut
357 578 511 654 cognovit,
524 577 621 653 jussit
634 579 715 639 illico

104 660 199 722 Leoni
214 663 300 739 porei
315 671 345 724 et
359 669 516 738 pastorem
530 661 619 722 reddi
634 663 710 724 suis.

449 783 627 841 FABULA
647 778 713 842 XV.

358 875 508 939 cutux
534 876 589 939 ET
617 875 808 940 TAURUS.

148 963 243 1023 Culex
259 977 352 1036 quum
365 967 485 1022 taurum
499 967 701 1038 provocasset
715 960 840 1034 viribus,
935 1004 938 1011 ·

106 1046 211 1107 Cuncti
225 1050 374 1104 venerunt
387 1045 504 1120 populi,
519 1051 552 1105 ut
565 1059 699 1121 pugnam
713 1052 881 1104 cernerent.

106 1130 201 1191 culex
215 1134 292 1189 tum:
314 1126 395 1191 Satis
411 1135 467 1202 est,
483 1129 568 1205 quod
581 1127 861 1198 venistteominuu
961 1161 967 1168 ·

105 1212 221 1273 Parvus
234 1210 288 1271 tibi
304 1227 372 1272 sum
386 1211 472 1272 sonis
484 1211 602 1287 judicio
616 1218 679 1273 tuo.

105 1294 163 1355 llic
178 1311 213 1354 se
227 1310 284 1370 per
298 1310 389 1354 auras
403 1311 505 1370 penna
519 1295 642 1357 sustulit
655 1293 716 1353 levi

45 1408 47 1419 ι
105 1379 253 1453 Lusitque
266 1377 384 1437 turbam
399 1384 430 1438 et
442 1377 520 1439 tauri
535 1378 672 1438 destituit
684 1377 807 1457 mines.-¹

108 1462 196 1536 Quod
211 1461 238 1521 si
253 1460 362 1521 luisset
375 1461 498 1522 validae
512 1461 643 1522 cervinis
657 1476 781 1536 memor,

106 1545 145 1604 Et
157 1551 262 1606 taurus
276 1544 397 1608 hostem
410 1545 625 1606 contemsisset
639 1544 807 1618 sordidum,

106 1627 227 1689 Fuisset
240 1644 321 1688 vana
334 1628 438 1688 inertis
453 1628 602 1702 gloriatio.
887 1698 889 1703 ¹

149 1710 266 1773 Amittit
278 1712 398 1786 tamam,
415 1710 467 1787 qui
482 1727 517 1773 se
531 1708 664 1786 indignis
680 1718 845 1786 comparat

446 1830 623 1889 FABULA
641 1831 715 1886 XVI.

333 1923 503 2000 EQUUS
534 1924 819 1989 illustrius

150 2011 257 2072 Asello
272 2010 399 2086 sonipes
414 2011 549 2087 phaleris
564 2012 695 2073 occurrit
707 2017 836 2088 inmane,

108 2095 154 2167 Et,
169 2094 288 2154 tardius
304 2094 388 2167 quod
401 2096 496 2155 multo
511 2096 614 2156 lassus
630 2094 769 2171 pondere
887 2156 890 2171 ,

101 2179 199 2255 1νὶεὶηι
214 2176 353 2239 dedisset
365 2178 546 2236 transeunti=
574 2177 646 2250 Vix,
662 2179 712 2250 ait,

109 2261 159 2321 lile
173 2268 274 2333 teneo,
291 2259 364 2335 quin
380 2264 411 2318 te
425 2259 528 2319 saevis
542 2275 681 2335 rumpam
695 2259 840 2322 calcibus.

109 2344 214 2404 Tacuit
228 2343 341 2403 asellus
357 2341 468 2416 gemitu
483 2347 610 2402 testatus
625 2343 713 2402 deos.

109 2427 215 2502 Equus
231 2425 381 2487 currendo
395 2432 503 2507 ruptus
517 2441 614 2502 parvo
630 2426 812 2507 intempore

109 2511 161 2569 Ad
174 2510 278 2569 villam
293 2509 426 2570 mittitur.
454 2510 544 2571 ilunr
558 2513 700 2573 ouusitun
716 2518 853 2589 stercore

103 2594 151 2654 {it
162 2593 240 2652 vidit
253 2592 367 2669 asinus,
381 2593 434 2653 tali
445 2593 556 2675 ¹derisit
565 2594 656 2669 joco:

111 2676 187 2750 Quo,
203 2677 346 2752 gloriose,
361 2677 505 2753 phaleras
519 2677 576 2737 has
591 2678 745 2752 quondam
760 2678 824 2748 tibi,

109 2758 204 2820 Modo
220 2760 260 2820 ad
275 2765 456 2820 contemtum
471 2759 523 2834 qul
536 2759 642 2819 redisti
655 2760 830 2820 miseriam?

152 2842 238 2903 Felix
251 2857 290 2901 ne
305 2848 431 2917 spernat
444 2841 556 2902 dubiae
570 2843 662 2903 sortis
675 2844 833 2904 immemor

110 2925 269 2999 Humilem,
286 2941 379 3001 quum
395 2925 470 3000 quid
485 2926 602 2987 iuturus
617 2927 695 3002 ipse,
710 2928 837 2988 neseiat.

442 3018 619 3105 rtruun
636 3047 722 3103 xvu.

151 3135 367 3218 vomentis,
395 3139 673 3215 Quanuueuuus
693 3138 743 3200 ΕΤ
761 3137 1016 3206 vusrultrtutu.

152 3242 272 3303 Bellum
286 3238 433 3315 gerebant
445 3241 589 3302 volueres
603 3257 672 3301 eum
687 3239 939 3317 quadrupedibus
971 3234 974 3284 ἶ

111 3327 149 3387 Et
161 3324 361 3385 vincebantur
373 3339 465 3383 versa
478 3324 611 3387 victores
624 3324 703 3383 vioe.

111 3411 153 3470 At
168 3407 343 3486 vespertilio
358 3407 470 3469 dubios
484 3414 613 3481 eventus
627 3407 737 3476 timens
