2326 3810
390 222 394 229 .
517 173 634 237 LIBER
648 174 700 235 iv.

140 327 178 388 itt
191 327 353 403 aequitatis
369 324 586 384 velletlamcm
599 328 758 402 consequi,

137 412 167 471 A
181 411 307 486 pristina
322 408 449 471 deilexlt
461 410 682 470 consuetudine

138 497 240 568 Atque
255 495 332 554 inter
346 492 511 552 illastenui
525 499 686 553 contentus
701 492 771 554 cibo

138 577 251 638 Sancta
265 578 441 652 incorrupta
451 576 523 651 jme
534 576 685 636 reddebat
698 577 770 638 fide.

136 660 303 736 Postquam
317 659 421 720 labare
436 659 539 734 coepit
552 658 747 734 poenitentia,

136 745 253 805 Mutare
267 760 360 819 quum
373 759 436 803 non
450 749 558 817 posset
572 749 711 805 umorem
724 760 822 816 sumn,
1055 750 1089 803 10

137 829 266 903 Aliquas
281 826 403 888 seduxit
416 827 449 884 in
462 833 622 898 secretum,
639 834 672 886 ut
685 828 814 888 falleret.
1059 813 1070 832 '

137 911 182 970 Ibi
198 911 358 986 quaesivit
375 924 412 969 os
426 923 465 968 an
479 909 609 969 foeteret
622 909 692 968 sibi.

139 994 222 1068 Quae
238 993 379 1053 dixerant
391 999 499 1069 putere
513 999 544 1052 et
558 1008 637 1066 qnae
651 1001 845 1067 negaverant,

135 1077 274 1138 Laniavit
289 1092 395 1137 omnes
410 1083 440 1135 et
454 1091 546 1135 carne
559 1082 711 1136 saturatus
727 1084 783 1136 est

136 1161 204 1221 Hoc
220 1177 312 1236 quum
327 1160 453 1221 fecisset
465 1160 577 1233 multis,
592 1160 684 1219 adse
698 1160 819 1221 simium
1053 1164 1087 1219 lt

135 1245 286 1305 vocatum
300 1244 505 1318 interrogavit
520 1258 558 1303 os
573 1259 611 1303 an
626 1243 765 1318 putidum

135 1326 276 1388 Haberet.
304 1328 358 1387 llle
373 1328 564 1386 cinnamomo
580 1327 706 1389 suavius

137 1410 226 1471 Olere
241 1410 316 1471 dixit
330 1418 360 1470 et
375 1412 502 1482 deorum
516 1410 671 1470 altaribus

134 1494 261 1554 Erubuit
270 1495 459 1555 laudatorem
473 1511 539 1567 rex,
553 1500 585 1554 ut
598 1499 747 1570 parceret

133 1580 176 1638 At
189 1593 270 1650 mox,
286 1584 319 1637 ut
331 1584 440 1654 posset
452 1579 585 1648 laedere,
600 1578 726 1637 mutavit
740 1576 833 1636 iidem
1050 1582 1086 1634 to

133 1662 172 1721 Et
186 1662 323 1722 fraudem
338 1676 489 1737 quaerens
503 1661 682 1734 languorem
695 1659 792 1717 tinxit.
822 1657 928 1718 Statim

134 1745 245 1806 Medici
259 1751 416 1817 venerunt,
431 1759 579 1802 venarum
595 1743 646 1816 qui
661 1740 801 1817 pulsibus
844 1798 848 1805 .

136 1828 349 1901 consideratis
364 1832 398 1888 ut
410 1827 513 1886 valere
526 1827 677 1902 videmnt,
762 1849 765 1853 >

134 1912 170 1972 Ei
185 1918 355 1985 suaserunt,
370 1911 502 1986 aliquem
516 1914 650 1973 sumeret
664 1907 773 1983 cibum,

134 1995 226 2056 Levis
242 1994 293 2069 qni
308 1996 386 2056 foret
399 2002 429 2056 et
442 1995 561 2055 tolleret
575 1994 740 2055 lastidimn.

133 2078 197 2139 Leo
212 2079 332 2152 deinde,
349 2086 457 2139 cuncta
470 2085 504 2139 ut
516 2079 640 2154 regibus
655 2079 760 2139 licente

132 2160 243 2234 Ignota
257 2167 312 2235 est,
328 2162 433 2237 inquit,
449 2162 528 2222 simii
543 2178 615 2223 cero
630 2162 718 2230 mihi;

133 2247 218 2306 lllam
231 2245 371 2320 gustabo.
399 2245 450 2305 Sic
463 2246 583 2306 locutus
598 2244 719 2304 simium

134 2329 240 2390 Statim
255 2329 382 2403 necavit,
399 2343 503 2390 escam
516 2335 549 2389 ut
563 2332 704 2400 sumeret,
719 2322 888 2400 improbus.

470 2442 649 2521 exenta
667 2461 742 2518 xm.

381 2556 873 2641 enoubtubus,

176 2660 320 2739 [Rogavit
334 2658 466 2733 quidam,
483 2659 626 2733 pellicum
638 2659 722 2721 unde
735 2657 867 2732 turpium
881 2682 884 2685 ·

134 2743 301 2803 illecebrae
316 2742 422 2803 dulces
439 2749 524 2802 ortae
537 2747 643 2801 essent
657 2747 688 2803 et
701 2740 863 2812 subdolae,

132 2827 173 2888 Ut
187 2827 292 2887 tallere
307 2832 443 2885 amentes
457 2831 587 2901 possent
600 2831 692 2899 etque
706 2823 847 2900 perdere.

133 2913 279 2986 Aesopus
294 2910 351 2968 illi:
381 2909 473 2969 Coelo
488 2902 596 2985 pulsus
612 2908 650 2969 eb
664 2908 742 2969 Jove
997 2971 1000 2975 ἵ

132 2993 331 3075 Prometheus
345 2991 484 3053 homines
500 2992 573 3065 olim
588 3008 680 3068 quum
695 3000 794 3053 terrae
808 3005 908 3052 novae
1066 3000 1083 3050 5

132 3077 209 3139 Luto
225 3077 365 3137 finxisset
379 3075 536 3157 etPhoebi
550 3077 650 3136 iurtlm
664 3075 785 3152 ignibus

85 3192 94 3221 ι
133 3161 311 3221 Animasset
324 3160 433 3236 raptim
448 3160 499 3219 ille
514 3159 653 3221 fraudem
664 3173 758 3232 aegre
771 3157 874 3216 ferens

133 3244 285 3318 Vulcano,
299 3249 333 3303 nt
346 3249 411 3304 nrtc
424 3243 516 3305 simili
530 3244 664 3318 effigiem
677 3239 813 3303 mulieris

134 3327 268 3401 Faceret,
284 3327 448 3388 mandavit
475 3327 634 3402 Virginem
646 3339 720 3387 mox
732 3321 877 3385 Lemnius

137 3409 299 3473 confinxit.
329 3409 397 3474 eris
411 3409 667 3489 pulchritudinem
679 3407 785 3473 Venus
889 3458 902 3467 .
934 3486 936 3491 Ι
1050 3416 1084 3479 lp
