2326 3810
235 194 290 256 ou
306 188 480 254 ransom
500 143 664 250 vrnn‘ur
683 180 860 246 naeuus.
979 195 1021 236 vn

72 355 133 410 tum
152 345 275 408 tabulas
296 343 398 406 hahet.
432 341 539 414 Neque
559 336 746 399 pithoeanus
762 336 814 412 qui
830 339 956 395 vocatur
970 345 1021 390 co-

71 447 133 506 dex
152 445 288 520 integros
309 443 479 508 tabularum
499 438 639 514 quinque
661 435 755 497 libros
777 435 926 504 continet;
952 447 1022 492 nam

70 543 191 620 passim
201 545 337 606 'lacunas
351 539 539 610 invenimus,
561 542 595 598 ut
608 533 762 612 postlibri
776 534 798 593 L
814 532 874 592 iob.
890 528 955 601 tn,
972 529 1022 589 ubi

71 659 111 702 ex
124 642 246 704 Romuli
260 648 291 702 et
303 639 459 716 Anonymi
473 636 634 697 Nilenliani
649 634 757 712 copiis,
772 634 811 695 de
822 630 934 708 quibus
945 629 1023 689 inira

71 740 371 813 commemorabitur,
398 738 542 799 damnum
564 742 724 811 acceptrun
750 731 858 808 alique
877 746 919 791 ex
937 735 1023 806 perte

71 838 348 914 resarciri'potuim
378 837 449 896 item
469 833 679 910 post'lihrill.
695 830 816 907 labb,
837 830 912 904 ubi,
939 830 1021 906 quod

70 954 148 999 usus
176 937 303 998 scholae
332 933 518 1011 poscebant,
546 933 646 995 hiatus
671 933 887 1008 turpitudinem
911 930 1024 1007 labella

70 1035 201 1096 Phaedri
215 1035 297 1112 stylo
314 1040 439 1094 exarato
454 1032 634 1093 delevimus.
662 1031 780 1092 Deinde
794 1016 933 1090 imbutus
947 1045 1022 1105 apo·-

70 1135 212 1209 logorum
227 1134 305 1194 ordo
326 1139 399 1209 post
412 1132 480 1193 libri
494 1132 546 1192 lli.
561 1131 622 1192 ioh.
638 1129 688 1194 19.
704 1139 734 1192 et
747 1130 814 1190 iibri
829 1131 880 1190 tv.
896 1130 956 1193 iah.
971 1126 1021 1190 db.

38 1264 49 1295 t
71 1232 174 1294 damni
190 1232 354 1308 ctn'usdam
368 1231 578 1307 suspicionem
593 1239 622 1293 et
633 1231 701 1308 ipse
712 1239 822 1306 movet,
837 1244 938 1307 neque
949 1244 1022 1289 vero
1079 1244 1092 1252 ··

69 1330 148 1391 liber
162 1329 301 1405 quintus,
317 1331 368 1407 qui
382 1337 443 1391 tam
458 1345 574 1406 paucas
590 1332 742 1392 contineat
756 1331 892 1405 fabulas,
907 1331 1023 1405 integer

70 1428 169 1492 videri
184 1434 296 1503 potest.
353 1437 357 1443 '
545 1438 549 1445 ’

117 1524 452 1600 unbmanmautem,
479 1544 559 1603 quae
572 1529 801 1605 interciderunt,
826 1520 900 1605 pars
921 1528 1022 1602 aliquo

71 1623 183 1685 tabulis
200 1622 383 1699 quibusdam
397 1626 474 1697 aliis,
492 1642 569 1700 quas
585 1626 685 1686 codex
697 1628 880 1690 Pithoeanus
896 1629 1022 1688 easdem

71 1722 207 1795 exhibet,
230 1722 410 1797 interposita
423 1721 462 1780 ab
477 1722 598 1784 interitu
613 1723 765 1785 vindicata
779 1734 827 1786 est
842 1732 871 1786 et
890 1726 920 1785 in
936 1723 1020 1785 sabu-

68 1825 168 1882 larnm
193 1827 223 1880 et
247 1821 496 1896 epigrammatum
518 1837 649 1899 corpore
670 1840 708 1885 eo
724 1826 907 1898 continetur,
938 1825 1021 1901 quod

72 1920 143 1980 olim
165 1919 309 1980 Nicolaus
334 1919 488 1996 Perottus,
516 1923 654 1998 pontifex
677 1922 870 2000 sipontinus,
896 1923 1020 1983 saeculo

73 2018 313 2097 quintodecimo
329 2034 429 2094 eoque
443 2021 561 2094 medio,
590 2038 684 2097 quum
697 2021 880 2082 adolescens
896 2021 926 2080 in
947 2021 1020 2081 ludo

69 2133 184 2195 pueros
198 2116 346 2178 honestos
363 2119 502 2184 doceret,
529 2121 637 2180 codiee
657 2137 733 2181 usus
752 2119 916 2196 integriore
931 2137 1020 2196 quarn

24 2192 36 2215 ⁰
70 2224 123 2277 est.
131 2216 331 2290 pithoeanus,
348 2218 523 2293 composuit
536 2224 566 2277 et
580 2226 691 2293 postea
704 2220 888 2280 instituendo
903 2219 1020 2296 Pyrrho

69 2316 199 2389 Perotto,
215 2316 318 2376 fratris
333 2315 405 2389 filio,
422 2316 544 2376 dicavit.
573 2317 667 2377 Multo
683 2318 773 2378 etiam
787 2325 857 2378 ante
870 2317 1020 2378 Perottum

69 2415 217 2476 Romulus
241 2415 380 2490 quidam,
407 2415 458 2490 qui
482 2432 574 2490 quum
595 2417 787 2477 aVincentio
807 2417 1020 2478 Bellovucensi

70 2515 109 2575 sit
123 2510 393 2588 commemoratus,
416 2515 518 2575 sinon
534 2516 635 2591 prius,
662 2523 743 2576 certe
758 2517 882 2577 saeculo
896 2515 960 2589 XII.
976 2517 1016 2575 la-

68 2612 158 2673 bulas
168 2610 325 2673 Pithocani
337 2611 453 2673 codicis
465 2613 620 2690 plurimas,
635 2613 778 2680 Perottini
789 2617 927 2692 corporis
941 2624 1018 2690 octo,

69 2719 100 2771 et
113 2716 272 2786 praeterea
285 2709 361 2771 alias
377 2711 481 2786 etium,
498 2729 576 2788 quas
591 2728 698 2773 omnes
713 2729 753 2773 ex
766 2714 928 2789 integriore
945 2730 1018 2790 quo-

68 2810 146 2868 denr
165 2808 273 2869 codice
298 2810 454 2885 collegerit
477 2826 608 2872 necesse
633 2818 695 2885 est,
723 2817 806 2884 (narn
828 2811 1018 2874 inveniendis

69 2902 194 2982 quider'n
214 2908 333 2969 fabellis
355 2925 424 2969 eurn
446 2924 536 2970 nemo
557 2910 647 2971 facile
668 2927 780 2986 parem,
798 2912 963 2987 putaverit)
989 2901 1027 3011 in
1126 2995 1130 3001 .

67 3021 193 3082 prosam
213 3008 380 3068 orationem
401 3009 543 3082 resolvit,
569 3011 653 3085 quod
674 3010 755 3070 idern
775 3009 930 3086 Anonymi
946 3009 1017 3084 duo,

68 3107 144 3166 alter
162 3105 348 3166 Nilantianus
371 3107 446 3165 alter
465 3107 648 3167 Trossianus
669 3107 708 3166 ab
730 3105 898 3167 editoribus
913 3109 1019 3187 appel·

67 3204 133 3278 lati,
160 3221 258 3280 paene
279 3206 388 3265 eodem
411 3220 478 3263 curn
493 3207 623 3265 Romulo
640 3212 669 3262 et
690 3204 811 3279 ingenio
827 3208 857 3264 et
871 3221 1018 3267 successu

67 3304 213 3363 lecerunt.

118 3396 240 3493 'Restat
253 3408 286 3461 ut
302 3403 438 3462 dicamus
455 3402 610 3476 quomodo
632 3400 692 3460 hae
706 3399 842 3474 tabulae,
872 3418 949 3478 qrras
964 3404 1011 3461 l'e-

1146 3520 1154 3557 'l
