2326 3810
137 169 179 233 tn
394 167 565 230 rumoni
585 116 829 231 rnamanun

137 322 307 385 Fraudatus
324 321 463 397 quamvis
477 326 508 379 et
522 320 632 380 dolens
646 319 767 394 injuria,

137 407 181 465 Ne
195 407 273 466 male
289 405 434 466 dimissus
449 404 576 478 gratiam
591 411 807 479 corrumperet,

136 488 285 549 Promisit
319 488 421 549 Rediit
433 488 510 548 hora
524 487 614 559 dicta,
629 487 776 547 recubuit.

138 572 325 648 Splendebat
338 572 434 632 trilare
448 571 568 647 pocrdis
583 571 776 642 convivium3

136 655 247 730 Magno
263 664 412 732 apparatu
427 656 507 714 taeta
520 653 687 713 resonabat
700 654 820 728 domus,

136 740 273 821 Repente
288 740 349 799 duo
365 754 458 814 quum
470 738 603 812 juvenes
618 739 719 813 sparsi
734 739 871 813 pulvere,

137 821 258 884 Sudore
272 825 366 884 mutto
382 821 566 895 diffluentes,
588 835 719 896 corpore

135 906 305 967 Humanam
319 922 415 982 supra
428 907 565 978 tonnam,
582 903 704 964 cuidam
718 907 842 966 servulo

134 989 289 1064 Mandant,
307 999 341 1052 ut
354 991 395 1050 ad
410 1006 445 1050 se
459 995 607 1065 provocet
621 987 826 1060 Simonidem
1052 1003 1086 1054 as

134 1073 218 1135 Illius
233 1075 392 1148 interesse,
408 1089 448 1133 ne
462 1074 553 1132 faciat
565 1087 692 1131 moram.
1089 1088 1094 1094 ·

133 1157 232 1218 Homo
248 1158 441 1235 perturbatus
456 1156 570 1216 excitat
583 1154 781 1216 Simonidem.
824 1164 827 1169 ’

133 1240 234 1302 Unum
249 1247 405 1317 promorat
419 1241 471 1299 vix
484 1238 596 1314 pedem
609 1239 749 1312 triclinio,
835 1288 840 1297 .

132 1325 232 1384 Ruina
248 1340 387 1384 camarae
401 1323 503 1385 subito
517 1323 674 1398 oppressit
688 1331 825 1394 ceteros3

133 1407 408 1482 Necullijuvenes
424 1412 496 1467 sunt
505 1406 619 1481 reperti
633 1408 674 1467 ad
685 1407 822 1482 januam.
1049 1417 1084 1471 to

131 1489 172 1550 Ut
185 1497 233 1551 est
246 1492 388 1567 vulgatus
404 1491 481 1551 ordo
495 1496 635 1549 narratae
647 1490 702 1564 rei,

134 1572 245 1636 Omnes
260 1575 395 1636 scierunt
409 1575 565 1635 numinum
580 1574 785 1649 praesentiam

131 1653 201 1718 Vati
217 1659 344 1722 dedisse
357 1660 450 1721 vitam
463 1657 615 1719 mercedis
630 1659 709 1718 loco.

347 1790 471 1868 POETA
490 1806 542 1867 AD
563 1806 865 1873 PARTIGULONEE

172 1908 284 1968 Adhuc
299 1916 467 1983 supersunt
479 1910 583 1983 multa,
600 1925 679 1987 quae
694 1911 813 1986 possim
828 1911 921 1987 loqui,

11 2002 26 2022 ·
131 1993 168 2051 Et
182 1991 311 2067 copiosa
324 1990 460 2052 abundat
473 2007 575 2052 rerum
588 1993 739 2063 varietas;

132 2074 195 2135 Sed
209 2081 395 2150 temperatae
410 2091 523 2136 suaves
538 2082 611 2136 sunt
624 2077 769 2151 argutiae,

130 2158 316 2219 Immodicae
330 2158 497 2221 offendunt.
540 2159 648 2234 Quare,
664 2161 711 2220 vir
725 2164 929 2238 sanctissime,

129 2242 290 2317 Particuio,
307 2243 419 2305 chartis
434 2245 710 2306 nomenvicturum
723 2246 810 2320 meis,
1064 2258 1083 2311 5

129 2326 244 2388 Latinis
260 2328 333 2388 dum
347 2329 480 2390 manebit
493 2330 624 2406 pretium
638 2329 755 2403 litteris,

131 2409 164 2469 Si
178 2426 240 2471 non
254 2411 417 2486 ingenium,
434 2420 515 2473 certe
529 2412 708 2472 brevitatem
721 2413 869 2490 adprobo,
973 2424 978 2439 ‘

131 2492 216 2565 Quae
230 2495 437 2554 connnendari
450 2502 534 2555 tanto
550 2495 642 2555 debet
652 2496 777 2570 justins,

131 2576 248 2650 Quanto
263 2580 373 2653 poetae
388 2587 459 2638 sunt
472 2577 592 2638 molesti
606 2578 748 2639 validius.

387 2845 537 2908 sinan
572 2847 814 2921 nurnnns
922 2840 926 2847 ·

474 2958 569 3023 rann
593 2946 726 3025 roiirn.

127 3081 246 3157 Aesopi
260 3097 371 3141 nomen
387 3080 485 3142 sicubi
500 3081 721 3156 interposuere

129 3162 183 3224 Cui
198 3165 317 3224 reddidi
330 3165 395 3241 jam
410 3165 528 3242 pridem
543 3165 690 3240 quicquid
706 3164 807 3233 debui,

127 3248 326 3309 Auctoritatis
342 3265 413 3310 esse
428 3251 505 3311 scito
520 3250 632 3326 gratio:
711 3320 717 3334 ἱ

120 3329 160 3388 Ut
175 3331 304 3403 quidam
319 3333 453 3395 artifices
469 3343 576 3396 nostro
591 3333 706 3395 tactum
718 3333 834 3400 secuto,
1064 3390 1068 3395 .

97 3409 319 3487 Ouipretinnr
336 3419 492 3495 operibus
507 3417 802 3499 mainsinueniunt,
813 3429 899 3474 noso
1066 3424 1089 3477 ι
