2326 3810
102 155 149 227 64,
361 159 533 233 PHAEDBI
552 158 797 235 babolenum

430 331 606 388 FABULA
623 332 722 388 XXVI.

332 443 476 506 LUPUS
496 443 552 505 nl
572 443 819 508 Bubulcus

146 561 202 636 Qui
217 560 319 621 verbis
332 559 464 622 blandus
478 568 604 638 pectore
619 560 751 623 infidelis
767 569 823 636 est,

103 647 169 707 lloc
185 652 362 721 argumento
378 661 413 705 se
428 645 561 706 describi
576 646 741 722 intellegat.

146 730 243 804 Quum
257 736 434 789 venatorem
449 729 541 789 celeri
555 729 637 806 pede
653 723 771 807 fugeret
784 729 877 808 lupus

103 815 140 873 Et
155 829 173 874 a
186 812 320 874 bubulco
336 813 422 874 visus
437 826 564 889 veprem
578 813 740 890 irreperetz

105 898 163 957 Per
177 911 309 971 superos
325 910 513 972 oroperquc
531 913 605 972 spes
622 912 730 958 omnes
743 904 821 970 tuaS,

104 982 148 1040 Ne
162 995 211 1039 me
226 979 352 1052 indices,
368 979 516 1051 bubulce;
531 981 605 1039 nihil
619 997 755 1057 unquam
770 982 840 1040 mali

103 1065 182 1125 Huic
197 1079 271 1140 agro
288 1065 356 1136 leci
384 1065 422 1126 Et
434 1064 585 1126 rusticusz
613 1065 659 1124 Ne
672 1065 824 1135 timuerim

104 1149 178 1208 Late
193 1163 332 1209 securus.
360 1149 490 1225 Jamque
503 1155 632 1210 venator
646 1165 798 1228 sequens:

106 1234 236 1306 Quaeso,
251 1231 392 1305 bubulce,
408 1232 557 1309 numquid
570 1231 630 1293 huc
646 1232 729 1294 venit
741 1233 855 1316 lupusl
959 1264 964 1273 ·

105 1315 205 1387 Venit,
221 1317 278 1376 sed
292 1315 365 1376 abiit
377 1316 436 1376 hac
448 1314 488 1378 ad
501 1317 637 1388 laevam
653 1324 682 1378 et
697 1317 853 1378 dexteram

104 1399 299 1460 Demonstrat
313 1407 388 1460 nutu
401 1407 529 1476 partem.
556 1398 694 1461 Venator
708 1399 786 1463 citus

105 1482 172 1542 Non
187 1482 333 1545 intellexit
347 1499 444 1560 seque
458 1499 476 1543 e
491 1490 660 1558 conspectu
674 1482 807 1547 abstulit.

105 1566 189 1626 Tunc
204 1567 249 1627 sic
262 1567 428 1628 bubulcus=
450 1566 570 1642 Ecquid
583 1573 632 1628 est
645 1574 765 1642 gratum
777 1565 840 1643 tibi,

106 1649 194 1722 Quod
208 1658 238 1711 te
253 1653 372 1712 celavit
392 1652 529 1728 Linguae
543 1667 672 1727 prorsus
686 1667 748 1712 non
763 1668 842 1727 nego

104 1732 224 1793 Habere
239 1741 331 1810 atque
346 1737 438 1809 agere
451 1734 601 1796 maximas
615 1751 664 1796 rne
679 1735 805 1810 gratiam

104 1817 219 1876 Verum
235 1819 332 1879 oculis
348 1826 379 1879 ut
393 1819 523 1895 priveris
539 1826 611 1895 opto
626 1818 770 1894 perfidis,

424 1946 600 2013 unauna
620 1957 732 2013 xxvii.

345 2049 544 2113 MERETRIX
563 2051 613 2114 ET
634 2048 799 2116 invallis.

143 2153 284 2213 Jucunda
298 2153 391 2213 multa
404 2170 499 2231 saepe
514 2161 585 2216 sunt
598 2153 801 2217 incommoda

104 2238 202 2312 Quum
218 2236 402 2298 blandiretur
415 2239 521 2314 juveni
534 2239 677 2300 meretrix
692 2237 820 2312 perfica,

102 2321 139 2383 Et
153 2323 204 2381 ille
218 2322 320 2384 laesus
335 2323 437 2385 multis
451 2339 549 2399 saepe
562 2323 681 2399 injuriis

102 2406 212 2464 Tamen
228 2406 389 2480 praeberet
402 2423 475 2469 sese
488 2409 608 2470 facilem
622 2405 760 2478 mulieri

104 2486 154 2547 Sic
169 2488 355 2548 insidiatrix:
379 2489 491 2551 Omnes
505 2490 682 2551 muneribus
697 2491 768 2551 licet

103 2571 301 2644 contendant,
318 2588 375 2648 ego
391 2580 420 2634 te
435 2573 556 2649 plunimi
570 2573 649 2633 lacio
663 2580 774 2633 tamen.

102 2656 227 2715 Juvenis
243 2658 411 2721 recordans
428 2658 569 2733 quotiens
586 2658 735 2733 deceptus
751 2658 844 2723 lorete

101 2739 261 2810 Lubenter‚
278 2741 386 2816 inquit,
400 2759 469 2804 mea
483 2744 545 2817 lux,
561 2744 640 2802 hanc
654 2756 764 2801 vocem
779 2739 881 2810 audio,

101 2821 167 2883 Non
183 2824 268 2898 quod
282 2824 392 2900 fidelis,
409 2827 465 2886 sed
481 2826 565 2902 quod
576 2825 716 2904 jucunda
729 2830 776 2885 est
791 2821 872 2883 mihi.

410 2960 587 3018 FABULA
610 2960 734 3016 XXVIII.

510 3054 631 3124 liban.

142 3159 239 3219 Canes
250 3125 392 3235 'effugere
407 3171 502 3236 quum
514 3159 580 3234 jam
593 3175 655 3219 non
670 3159 771 3234 possit
784 3157 871 3232 liber,

100 3241 222 3311 (Graeci
236 3245 383 3318 loquaces
398 3261 488 3321 quem
503 3244 645 3305 dixerunt
659 3250 811 3305 castorem

100 3325 137 3384 Et
150 3318 324 3386 indiderunt
338 3328 456 3390 bestiae
470 3343 581 3393 nomen
597 3329 656 3398 dei,

101 3409 155 3484 llll,
173 3409 226 3485 qui
238 3409 355 3486 jactant
369 3428 404 3472 se
419 3402 581 3475 verborum
595 3414 717 3488 cupiat)

1036 880 1051 959 's
