2326 3810
112 215 154 280 ΘΞ
368 153 540 276 nimbum
559 211 804 275 fluminum
915 226 919 234 ·

112 371 229 431 Amens
243 368 274 429 in
287 377 368 429 term
378 366 475 445 Jueuit
487 366 538 427 ille
552 364 681 436 diutius;
808 374 811 379 ·

113 453 168 515 Sui
183 453 234 529 qui
249 468 377 529 compos
393 453 490 512 lecum
504 449 557 512 ubi
570 464 723 525 nusquam
735 449 827 511 videt·

112 537 240 613 Equum,
256 537 477 614 capiteettdto
492 550 528 596 se
542 535 660 595 laesum
674 546 815 609 surpere.
956 536 957 543 ’

114 620 314 696 intellegeres
333 618 643 696 smdignepaesue
657 617 744 688 haee,
760 615 839 688 uits:
920 654 925 665 ›
1018 680 1022 685 ,

113 703 264 778 inimicus,
279 710 313 766 ut
326 718 518 775 eensuerem,
531 701 685 767 eeeedere
698 699 801 762 debui.
1033 711 1066 767 rs

154 787 238 864 Esto,
254 788 338 863 quod
352 803 391 870 es·
401 802 435 847 re
449 801 532 858 vere,
548 792 579 846 et
591 784 710 849 mentiri
724 799 810 845 eave.

465 906 643 991 enubit
662 906 710 990 lv.
760 938 763 943 <
803 942 806 947 -

379 1001 542 1072 mrum
561 1001 613 1083 un
630 996 793 1068 mnmn.

153 1105 266 1183 Ventri¹
272 1103 473 1180 indignantes
482 1103 637 1179 quendem
651 1118 719 1163 cum
734 1100 866 1179 pedibus
881 1117 999 1176 manus,

115 1188 203 1263 Quod
217 1188 336 1251 otiosus
351 1188 418 1251 sine
431 1187 539 1249 labore
553 1186 690 1262 quetidie

67 1291 70 1294 ’
114 1271 188 1333 cibo
203 1272 385 1348 impleretur,
400 1271 557 1339 servitium
570 1277 765 1346 negaverunt.
806 1324 808 1329 ,

113 1355 270 1417 ctunabat
282 1361 389 1419 venter
403 1355 555 1426 esuriens3
571 1361 603 1415 at
615 1354 741 1417 invidae

113 1439 266 1500 Alimenta
279 1454 341 1502 non
356 1439 506 1501 dederunt
518 1454 576 1514 per
589 1438 707 1512 aliquot
721 1437 798 1499 dies.
1046 1444 1065 1499 t

113 1523 267 1583 Labarunt
280 1521 416 1585 membre
426 1521 535 1599 jejnno
549 1527 658 1583 ventre
672 1521 791 1592 omnim
815 1592 819 1597 ,

115 1605 180 1681 Qui,
194 1612 266 1683 post
280 1622 373 1683 quum
382 1607 496 1668 vellent
509 1604 610 1671 denuo
625 1604 727 1667 eibum
741 1605 824 1679 dere,
873 1631 876 1635 ⁷

113 1691 287 1764 Reeusevit,
303 1691 388 1766 qued
400 1691 526 1753 eleusee
540 1696 627 1753 erent
641 1688 790 1751 stomachi
807 1688 885 1749 viee.
914 1717 945 1745 .=·
1006 1720 1009 1725 >

156 1773 316 1851 Deripiunt
330 1775 421 1837 stulte
433 1789 479 1847 ee,
495 1773 548 1851 qui
562 1774 708 1835 deserunt
721 1788 808 1834 suos.
918 1801 921 1805 ·
938 1818 941 1825 .

470 1892 718 1951 urrunnu·
757 1879 760 1885 “
884 1885 887 1890 ·
990 1868 992 1873 ’

364 1986 566 2051 VERVEGES
587 1986 637 2052 ΕΤ
657 1982 802 2052 innius.
928 2016 931 2022 ·

154 2074 310 2132 verveces
327 2075 491 2150 quondam,
507 2090 599 2150 quum
613 2076 644 2134 in
660 2076 808 2152 consepto
823 2078 928 2136 essent
942 2070 1032 2133 simui

115 2157 189 2221 Cum
203 2156 356 2232 arietibus,
371 2157 513 2221 viderunt
526 2160 638 2219 intrare
652 2158 774 2232 unium

114 2240 179 2303 Sed
193 2256 229 2302 se
242 2241 349 2302 videre
364 2242 642 2309 dissimulaverunt
669 2241 763 2302 Manu
869 2302 872 2309 ,

112 2324 199 2386 Lenil
213 2325 326 2386 deinde
339 2327 495 2389 mortifere
510 2343 602 2402 quum
613 2326 776 2387 cernerent

113 2407 213 2469 Unum
229 2408 332 2482 teneri,
347 2409 425 2470 tralri
440 2417 471 2470 et
484 2410 612 2471 interfici
627 2410 736 2484 statim,

112 2491 175 2551 Nee
190 2491 236 2551 sie
249 2491 412 2551 timuerunt
425 2493 493 2565 sibi,
509 2495 567 2555 sed
580 2509 687 2554 seeum
701 2492 827 2568 quilibet

112 2573 250 2635 Ineunte:
272 2574 322 2635 Me
336 2589 398 2637 non
412 2575 523 2653 tangite
539 2575 709 2655 permittam
722 2576 809 2636 trahi

113 2658 287 2720 Novissime
303 2676 380 2721 unus
394 2661 511 2735 restitit,
529 2661 581 2737 qui
596 2659 736 2721 similiter

114 2740 211 2815 Quum
225 2759 261 2814 se
275 2743 352 2804 trahi
367 2745 494 2820 videret,
510 2744 592 2808 lunio
607 2744 735 2806 traditur

113 2825 253 2888 Dixisse:
280 2828 329 2887 Ab
343 2844 405 2890 uno
421 2829 504 2906 digni
519 2829 626 2893 lanian·
641 2843 757 2902 sumus,
1033 2836 1067 2889 ιο

113 2911 147 2969 ln
162 2911 262 2974 medio
277 2917 383 2977 nostro
400 2913 451 2988 qui
465 2920 495 2973 te
508 2914 642 2990 positum
657 2911 845 2990 aspeximus,

113 2994 174 3053 llee
189 2997 321 3071 capitum
335 2996 516 3073 impulsibus
532 3001 709 3073 quassatum
723 2996 902 3064 deeidirmrs.

155 3077 284 3138 Pereunt
298 3079 472 3158 propinqui,
488 3081 540 3157 qui
554 3080 633 3141 inter
645 3095 682 3141 se
697 3078 891 3149 dissentiunt.

467 3198 645 3259 ineunt
665 3198 713 3255 vn
766 3181 769 3188 '
882 3238 886 3243 .

364 3294 559 3360 nucnrs
588 3293 648 3357 nn
670 3293 809 3359 evus.
863 3272 892 3317 ·'

146 3379 389 3443 Diversieolores
405 3398 498 3457 quum
509 3382 699 3443 exsultarent
712 3396 808 3442 verno
823 3394 899 3445 eves

105 3462 372 3541 nidisque-tectae
386 3463 496 3524 frende
509 3464 663 3545 sederent,
679 3479 829 3541 aucupem
926 3509 931 3517 .
