2326 3810
191 187 232 251 12
446 185 619 249 PHAEDRI
639 184 883 249 FABULARUM

107 405 113 415 Ι
191 338 314 398 Plenam
327 338 469 413 lagonam
482 338 600 416 posuita
614 338 685 399 hale
699 336 831 399 rostrum
845 338 985 399 inserens

101 3532 120 3583 k

193 421 324 482 Satiatur
337 421 407 498 ipsa
420 429 451 483 et
462 429 584 499 torquet
598 422 758 482 convivam
772 422 862 482 lame.

194 504 278 577 Quae
292 521 385 579 quum
399 506 529 581 lagonae
542 502 655 566 collu'm
669 505 782 564 mustra
794 503 951 577 lamberet,

194 586 387 663 Peregrinam
401 589 446 648 sic
460 590 592 650 locutam
604 587 763 648 volucrem
777 588 966 664 accepimus:

197 669 260 731 Sua
275 671 407 749 quisque
421 673 564 750 exempla
577 670 669 733 debet
682 685 783 748 aequo
798 671 898 732 urimo
914 670 998 747 pati‘

517 807 695 866 FABULA
713 807 813 869 XXIX

296 898 410 964 cums
429 899 480 964 ΕΤ
499 901 721 967 rlmsaultus
740 901 790 965 ul
809 898 1029 965 vellemus,

236 1001 321 1062 ilaec
337 1016 388 1062 res
402 1003 503 1064 avaris
519 1018 591 1065 esse
604 1003 792 1066 conveniens
805 1009 909 1078 potest

195 1084 233 1146 Et
248 1085 300 1160 qui
312 1084 443 1149 humiles
456 1087 528 1162 nati,
543 1087 604 1147 dici
618 1086 787 1162 locupletes
802 1086 935 1146 student.

235 1167 375 1230 Hmnana
389 1167 539 1230 effodiens
554 1185 629 1231 ossa
641 1169 817 1230 thesaumm
830 1169 915 1229 canis

196 1251 315 1312 Invenit
328 1258 360 1311 et
371 1251 502 1313 violarat
516 1253 589 1327 quia
600 1252 707 1313 Manes
723 1252 809 1328 deos,

196 1333 314 1409 InJecta
328 1340 375 1394 est
388 1334 431 1394 illi
446 1335 618 1396 divitiarum
631 1332 797 1414 cupiditas¹
816 1332 820 1340 “

196 1414 316 1478 Poenas
330 1423 362 1477 ul
376 1424 501 1479 sanctae
514 1419 653 1496 religioni
667 1417 825 1498 penderet

197 1499 302 1575 ltaque
317 1517 423 1564 aurum
437 1501 509 1564 dum
522 1505 664 1578 custodit,
680 1502 791 1564 oblitus
805 1503 865 1564 clbi
939 1546 942 1550 .

196 1582 290 1644 Fame
304 1591 351 1645 est
365 1594 581 1665 consumptum
599 1602 688 1664 quem
703 1582 788 1648 stans
802 1580 951 1670 vulturius
966 1600 1061 1663 super

196 1665 304 1728 Fertur
317 1668 453 1731 locutus·
482 1671 506 1730 0
522 1672 616 1746 canis,
630 1670 761 1733 merito
749 1686 847 1746 Jaces,

198 1749 256 1822 Qui
270 1753 442 1828 concupisti
457 1754 558 1816 subito
573 1756 693 1831 regales
709 1769 795 1830 opes,

196 1830 297 1894 Trivio
312 1841 442 1912 concept
442 1851 480 1896 us
494 1842 525 1897 et
538 1837 685 1933 educatus
700 1835 843 1896 stercore.

524 1971 700 2028 FABULA
718 1969 805 2027 XXX

474 2063 615 2127 vulfus
634 2063 684 2128 ΕΤ
704 2062 855 2140 nouum

237 2162 382 2239 Quamvis
397 2163 543 2226 sublimes
558 2165 670 2244 debent
682 2165 812 2226 humiles
825 2171 968 2240 metuere,
1079 2232 1081 2237 ,

195 2247 339 2310 Vindicta
352 2247 445 2310 docili
460 2250 534 2326 quia
546 2254 630 2326 patet
643 2248 805 2311 sollertiae
866 2285 869 2291 -

237 2330 390 2408 Vulpinos
407 2335 525 2394 catulos
541 2334 645 2412 aquila
658 2333 814 2411 quondam
829 2332 952 2397 sustulit

194 2412 337 2491 Nidoque
347 2416 454 2491 posuit
467 2416 568 2492 pullis,
584 2432 688 2477 escam
700 2423 734 2476 ιιι
747 2420 916 2500 carperent

194 2495 282 2556 Hanc
296 2504 461 2574 persecuta
473 2502 570 2558 mater
583 2514 672 2559 orare
685 2499 800 2575 incipit,
912 2510 917 2520 “

193 2578 239 2638 Ne
252 2585 370 2640 tautum
382 2581 514 2642 miserae
526 2574 640 2642 luctum
654 2583 830 2680 importaret
845 2580 914 2643 sibl

194 2662 382 2740 Contempsit
395 2662 455 2738 illa,
471 2669 536 2726 tuta
549 2666 665 2743 quippe
679 2667 748 2743 ipso
763 2667 843 2726 loco

192 2745 312 2822 Vulpes
327 2746 365 2807 ab
380 2763 434 2809 ara
446 2749 548 2826 rapuit
561 2750 718 2812 ardentem
732 2751 831 2810 lacem

192 2828 361 2906 Totamque
375 2829 506 2893 flammis
522 2832 662 2894 arborem
676 2830 885 2903 circumdedit,

191 2911 281 2974 Hosti
296 2913 435 2974 dolorem
450 2914 561 2977 damno
576 2917 709 2978 miscens
724 2914 893 2990 sanguinis.

191 2996 306 3073 Aquila
319 3004 352 3059 ut
365 2998 480 3074 periclo
495 3000 601 3077 mortis
616 3000 759 3079 eriperet
760 3010 837 3058 suos

192 3078 364 3143 Incolumes
379 3089 469 3145 natos
484 3071 617 3162 supplex
629 3081 716 3160 vulpi
730 3072 863 3163 tradidit.

516 3202 813 3277 FABULAXXXL
905 3241 908 3246 >
963 3278 966 3285 ,

410 3312 550 3378 aslues
571 3309 911 3378 mamuusarltdll.

231 3417 412 3495 Plerumque
426 3416 509 3479 sttdti
523 3415 618 3478 risum
632 3415 706 3476 dum
719 3417 843 3490 captant
856 3412 964 3489 levem,
