2326 3810
151 160 197 227 aa
413 162 585 224 rnnumu
604 160 847 225 rnemnaun
966 243 968 247 ι

154 315 212 376 Ubi
228 315 267 375 sit
280 315 462 375 tardandum
476 321 508 376 et
520 315 600 375 ultro
614 314 799 374 currendum
813 313 888 375 seio.

193 398 258 458 Hae
274 398 405 456 derideri
422 397 525 458 fabula
538 398 645 458 merito
662 403 773 472 potest,

154 481 209 555 Qui
225 482 415 549 sinevirtute
429 496 526 541 vanos
541 487 665 541 exercet
677 481 786 540 minas.

496 614 673 671 FABULA
693 615 752 673 VH.

420 706 564 770 LUPUS
586 709 643 771 AD
667 710 835 772 cadon.

195 812 291 884 Quam
306 811 404 870 dulcis
421 810 461 870 sit
473 809 606 885 libertas,
621 811 754 871 breviter
767 812 943 888 proloquar.

152 895 225 956 cani
240 901 387 970 perpasto
402 895 500 954 maeie
514 897 673 956 consectus
688 895 781 970 lupus

149 978 243 1038 Forte
260 977 445 1038 occucurrit:
476 979 546 1038 dein
562 981 727 1041 salutatum
742 978 873 1039 invicem

150 1062 192 1122 Ut
205 1062 393 1123 restiterunt:
421 1062 511 1122 Unde
525 1063 579 1135 sic,
597 1078 723 1137 quaeso,
739 1063 842 1123 nites?

149 1149 212 1206 Aut
227 1163 288 1222 quo
305 1145 372 1206 oibo
388 1146 488 1205 fecisti
503 1152 619 1207 tantum
633 1146 796 1221 eorporis?

148 1230 224 1304 Ego,
241 1230 292 1304 qui
307 1245 376 1289 sum
390 1229 480 1302 longe
496 1229 612 1304 fortior,
626 1245 721 1305 pereo
738 1231 826 1288 same.

150 1312 239 1370 Canis
255 1311 446 1386 simpliciter:
475 1312 591 1371 Eadem
606 1320 654 1373 est
668 1313 802 1374 conditio
816 1312 879 1388 tibi,
931 1336 942 1355 ·

148 1395 308 1454 Praestare
324 1395 447 1454 domino
462 1395 489 1454 si
505 1411 562 1469 par
576 1397 711 1455 osticium
726 1404 827 1470 potes.

151 1477 262 1549 Quod?
275 1477 373 1551 inquit
388 1478 448 1539 ille.
478 1478 589 1537 Custos
604 1485 638 1537 ut
651 1478 695 1538 sis
710 1479 831 1550 liminis

147 1560 176 1617 A
192 1560 310 1621 furibus
325 1561 439 1635 tuearis
454 1567 484 1619 et
497 1568 590 1620 noctu
606 1561 740 1621 domum.

147 1644 214 1718 Ego
229 1659 303 1703 vero
319 1660 387 1704 sum
401 1650 542 1718 paratus:
558 1660 639 1705 nuno
654 1646 756 1718 patior
770 1644 858 1704 nives

147 1726 325 1803 Imbresque
340 1728 370 1788 in
385 1727 471 1786 silvis
486 1743 629 1802 asperam
643 1728 736 1792 vitem
751 1727 892 1788 trahens=

149 1808 267 1882 Quanto
283 1817 330 1870 est
346 1811 465 1870 iaeiiius
479 1811 552 1869 mihi
567 1810 624 1871 sub
641 1816 721 1872 teoto
737 1813 851 1885 vivere,

146 1893 185 1953 Et
199 1892 330 1954 otiosum
345 1894 430 1968 largo
446 1892 550 1952 satiari
565 1893 657 1955 cibor

147 1974 227 2034 Veni
243 1991 316 2050 ergo
330 1990 459 2036 meeum
487 1975 565 2035 Dum
579 1977 760 2070 procedunt,
771 1978 889 2073 ‘aspieit
1065 1987 1099 2041 15

147 2059 252 2133 Lupus
268 2075 287 2118 a
302 2065 411 2118 eatena
424 2059 538 2118 collum
553 2060 645 2120 dett
593 2067 631 2119 tri
632 2067 696 2120 tum
711 2061 789 2120 cani.

148 2141 237 2201 Unde
250 2142 319 2216 hoo
335 2142 455 2202 ennoea
480 2141 561 2201 Nihil
575 2149 632 2204 est
660 2143 715 2202 Dic
717 2159 868 2219 „quaeso
883 2151 995 2204 tamen

150 2223 225 2298 Quia
237 2226 347 2286 videor
359 2240 438 2302 acer,
453 2225 578 2301 alligant
591 2243 640 2286 me
654 2227 795 2302 interdiu,

150 2309 229 2369 Luce
243 2316 276 2370 ut
291 2311 447 2384 quiescam
462 2317 493 2370 et
507 2311 637 2385 vigilem,
653 2328 715 2372 nox
732 2327 824 2391 quum
838 2310 972 2370 venerit·

149 2391 335 2465 crepusculo
351 2388 478 2465 solutus,
496 2410 556 2466 qua
568 2394 670 2453 visum
683 2401 739 2468 est,
755 2403 1098 2470 vergonto

148 2473 212 2533 Adi
200 2476 294 2534 fertur
307 2477 384 2535 ultro
400 2477 504 2549 panis;
497 2476 561 2533 ·de
576 2490 682 2535 mensa
696 2493 754 2536 sua

147 2556 206 2616 Dat
220 2572 294 2618 ossa
308 2558 466 2627 dominus;
483 2557 603 2616 frusta
591 2573 643 2632 Jao
645 2565 709 2618 tant
723 2560 837 2619 familia

146 2639 192 2710 Et,
210 2641 294 2715 quod
308 2641 424 2701 fastidit
440 2641 579 2715 quisque,
594 2641 835 2715 pulmentarium.

31 2718 34 2723 '
148 2721 199 2782 Sia
214 2723 281 2783 sine
294 2724 399 2784 labore
413 2731 520 2784 venter
534 2723 678 2799 impletur
692 2740 791 2786 meus.

123 2835 132 2851 ν
147 2807 224 2879 Age,
240 2807 267 2865 si
282 2822 343 2883 quo
358 2807 442 2869 abire
457 2815 506 2868 est
519 2807 648 2883 animus,
663 2815 711 2869 est
724 2809 868 2868 licentiat
1060 2818 1096 2874 rt

135 2887 212 2948 -Non
227 2889 319 2964 plane
333 2895 389 2964 est,
406 2891 512 2964 inquit.
540 2889 663 2964 Fruere,
681 2905 761 2965 quae
775 2892 893 2968 laudas,
908 2891 1011 2954 eanisi

145 2972 285 3050 Regnare
300 2974 381 3046 nolo,
398 2972 474 3032 iiber
487 2978 522 3032 ut
535 2988 596 3033 non
612 2973 669 3033 sim
683 2974 766 3033 mihi.

480 3107 503 3163 F
509 3104 656 3164 ABULA
675 3106 747 3164 VIII.

397 3202 552 3268 SOROR
570 3204 626 3266 ΕΤ
647 3202 841 3267 FRATER.

184 3304 353 3379 Praecepto
369 3307 502 3367 monitus
518 3316 614 3383 saepe'
628 3315 659 3368 te
674 3307 846 3370 considera

145 3387 283 3447 Habebat
298 3387 423 3461 quidam
436 3390 529 3449 filiam
543 3391 751 3466 turpissimam
