2326 3810
492 178 609 239 LlBER
626 179 673 238 llt.
790 184 792 189 ’
1018 177 1056 240 21.

112 327 251 389 Affectus
267 328 411 404 proprios
427 329 456 388 in
472 328 600 388 tabellas
614 329 764 391 transtulit

99 467 102 471 .
114 412 364 487 Calumniamque
378 412 456 472 fictis
473 412 562 473 elusit
574 413 667 486 jocis.
832 408 836 422 ‘

112 493 198 555 lliius
214 511 307 571 porro
322 510 380 570 ego
397 495 504 555 semita
519 496 577 554 leci
592 497 682 568 viam,

110 579 150 637 Et
164 579 294 652 cogitavi
308 579 396 652 plura
411 595 501 654 quam
516 578 689 654 reliquerat,

112 662 147 721 In
163 661 363 721 calamitatem
378 661 516 736 deligens
532 663 682 737 quaedam
697 678 809 722 meam
920 697 926 708 ·
1025 669 1058 721 tu

113 744 202 818 Quod
217 745 243 804 si
258 751 419 805 accusator
432 743 509 805 alius
526 743 639 820 Sejano
655 747 741 822 leret,

114 827 148 887 Si
161 828 247 888 testis
263 828 349 902 alius,
362 828 460 902 judex
474 829 551 888 alius
567 828 709 906 denique,
750 859 754 872 .

113 911 244 986 Dignum
258 912 368 971 faterer
382 926 452 971 esse
467 926 515 970 me
529 912 620 971 tantis
632 912 728 986 malis,

112 993 175 1053 Nec
189 994 238 1058 his
252 995 390 1055 dolorem
405 994 569 1054 delenirem
584 995 737 1055 remedils.

114 1072 297 1156 Suspicione
315 1079 341 1138 si
358 1079 427 1154 quis
442 1077 552 1137 errabit
567 1093 623 1138 sua
1019 1086 1055 1140 45

112 1162 150 1222 Et
160 1162 261 1238 rapiet
275 1163 315 1222 ad
330 1179 373 1237 se,
390 1162 474 1238 quod
488 1162 544 1221 erit
559 1175 719 1223 commune
735 1163 901 1237 oninium„

114 1244 211 1305 Stulte
226 1245 352 1305 nudabit
366 1246 458 1305 animi
474 1245 701 1306 conscientiam.

112 1327 190 1388 Huic
205 1335 384 1388 excusatum
399 1330 553 1389 mavelim
568 1329 779 1391 nihilominus:

112 1411 220 1486 Neque
234 1412 314 1471 enim
328 1419 434 1473 notare
450 1413 587 1488 singulos
602 1428 688 1474 mens
703 1420 750 1474 est
764 1409 846 1488 mihi.

116 1495 228 1555 Verum
242 1495 342 1570 ipsam
355 1496 447 1556 vitam
463 1502 493 1557 et
506 1513 607 1557 mores
622 1496 779 1559 hominum
794 1497 965 1560 ostendere.
1022 1507 1057 1558 50

152 1577 229 1637 Rem
242 1595 291 1637 me
305 1581 480 1652 professum
493 1580 574 1640 dicet
588 1580 652 1640 fors
667 1582 778 1655 aliquis
793 1595 927 1656 gravem.

113 1659 145 1721 Si
159 1659 262 1736 Phryx
275 1663 421 1737 Aesopus
435 1662 542 1736 potuit,
559 1663 586 1721 si
599 1660 786 1722 Anacharsis
802 1659 919 1740 Scytha

111 1748 274 1804 Aeternam
288 1745 400 1804 lamam
414 1742 546 1804 condere
562 1744 682 1820 ingenio
699 1757 768 1806 suo=

110 1826 186 1903 Ego,
201 1827 348 1888 litteratae
363 1827 415 1904 qui
430 1844 498 1888 snm
511 1829 639 1904 propior
655 1828 808 1901 Graeciae,

112 1909 171 1970 Cur
185 1926 293 1971 somno
310 1912 397 1972 inerti
413 1912 552 1972 deseram
568 1913 683 1988 patriae
700 1913 816 1973 decusl
1022 1923 1055 1975 55
1095 1911 1100 1915 ’

109 1992 254 2054 Threissa
269 2011 362 2071 quum
376 2010 452 2070 gens
467 2003 604 2056 numeret
619 2004 760 2058 auctores
775 2009 860 2066 suos,

109 2076 248 2152 Linoque
261 2079 373 2152 Apollo
390 2081 428 2139 sit
442 2096 563 2153 parens,
579 2080 669 2141 llllusa
684 2079 814 2154 Orpheo,
864 2108 867 2113 >

110 2158 166 2233 Qui
180 2175 258 2220 saxa
272 2169 363 2221 cantu
377 2163 471 2223 movit
485 2170 515 2222 et
529 2164 645 2223 domuit
659 2166 740 2223 leras

107 2242 264 2319 Hebrique
278 2245 374 2304 tenuit
386 2245 518 2319 impetus
535 2246 616 2305 dulci
630 2262 725 2306 mora.

108 2325 187 2400 Ergo
202 2326 272 2386 hinc
287 2327 393 2387 abesto
409 2328 502 2397 llv0r;
518 2342 557 2386 ne
572 2329 684 2388 trustra
698 2341 812 2402 gemas,
1020 2337 1054 2391 60

108 2407 256 2481 Quoniam
270 2411 426 2472 sollemnis
440 2410 512 2469 mihi
527 2410 655 2471 debetur
668 2411 773 2487 glorio.

146 2492 256 2554 Induxi
269 2501 299 2554 te
314 2495 353 2554 ad
368 2494 546 2569 legendum
563 2495 715 2556 sincerum
729 2495 802 2555 mihi

108 2574 248 2638 Candore
263 2583 335 2640 noto
351 2579 465 2638 reddas
477 2578 628 2653 judicium
643 2587 724 2654 peto.

466 2712 642 2769 FABULA
663 2716 683 2767 l.

370 2807 471 2869 ANUS
493 2806 545 2868 Au
565 2806 787 2870 Anchohhll.

144 2907 232 2965 Anus
245 2905 349 2980 Jacere
363 2908 440 2968 vidit
455 2917 576 2985 epotam
587 2909 774 2986 amphoram,

103 2989 214 3050 Adhuc
227 2989 355 3050 Falerna
369 2993 454 3051 faece
469 3000 499 3052 et
512 2999 591 3054 testa
605 2994 699 3054 nobili

104 3070 237 3133 Odorem
252 3086 332 3148 quae
343 3073 513 3148 jocundum
527 3078 587 3137 late
603 3083 770 3153 spargeret.

101 3152 190 3217 Hunc
204 3163 370 3232 postquam
385 3158 456 3216 totis
471 3160 564 3218 avida
577 3161 668 3220 traxit
682 3158 823 3218 narlbns=

102 3238 248 3300 Osuavis
263 3240 377 3299 animal
396 3241 487 3315 quale
502 3241 532 3300 in
549 3249 579 3301 te
594 3243 693 3301 dicam
707 3241 866 3301 bonnm·
935 3309 947 3329 ι
1034 3252 1049 3302 5

101 3324 239 3383 Antehac
254 3323 359 3399 luisse,
373 3325 450 3383 tales
467 3340 562 3399 quum
576 3325 636 3384 sint
650 3322 819 3401 reliquiae?

143 3407 210 3467 Hoc
228 3418 287 3477 quo
303 3407 461 3482 pertineat,
479 3406 567 3482 dicet,
584 3406 636 3483 qni
651 3425 699 3470 me
714 3411 842 3470 notrerit.
868 3420 874 3427 ’
957 3421 962 3430 ’
