2326 3810
99 176 142 241 58
356 173 529 235 PHAEDRI
549 172 793 244 FABULARUM

442 346 619 403 FABULA
639 347 697 404 xll.

344 452 520 521 'ASINUS
545 458 602 520 An
631 458 793 527 trulla

144 581 259 643 Asinus
271 579 425 654 jacentem
439 578 516 638 uidit
530 578 560 637 in
576 585 663 652 prato
679 579 785 656 lyram.

103 664 245 726 Accessit
259 662 429 724 attentavit
443 661 576 721 chordas
592 664 720 736 ungium
759 732 761 737 ¹

104 749 244 809 Sonuere
256 753 364 807 tactae.
393 746 480 804 Bella
493 761 544 805 res
558 745 748 808 mehercules

104 833 185 893 Male
200 830 301 903 cessit,
318 829 422 903 inquit,
439 829 511 888 artis
527 831 599 903 quia
613 845 681 890 sum
694 833 829 892 nescius,

105 916 138 976 Si
153 914 342 991 repperisset
356 913 465 988 aliquis
481 913 559 972 hanc
573 914 759 990 prudentior,

105 999 223 1059 Divinis
239 1013 328 1057 aures
344 995 529 1057 oblectasset
544 997 691 1057 cantibus.
854 1076 860 1081 ·

150 1081 200 1143 Sic
216 1097 311 1157 saepe
326 1081 631 1157 ingenia'calamitate
645 1080 837 1143 intercidunt.

271 1270 274 1275 ,
445 1217 623 1275 FABULA
643 1218 714 1277 XIII.
945 1304 949 1311 ι

332 1312 475 1376 nullan
495 1312 614 1375 vluun
633 1313 683 1376 ΕΤ
701 1313 824 1377 illius.

151 1417 309 1478 Mulierum
323 1430 435 1490 magna
449 1431 544 1491 saepe
558 1422 606 1476 est
619 1415 832 1477 inconstantia.

109 1503 166 1563 Per
180 1501 294 1575 aliquot
308 1513 406 1559 annos
422 1499 574 1573 quaedam
589 1499 731 1558 dilectum
746 1515 843 1562 virum
938 1546 943 1554 ,

110 1585 221 1647 Amisit
235 1590 265 1644 et
278 1583 471 1659 sarcophago
488 1598 600 1659 corpus
617 1583 769 1654 condidit;

11 1720 14 1729 .
110 1673 140 1731 A
155 1685 216 1745 quo
230 1667 336 1728 revelli
350 1667 433 1728 nullo
449 1684 542 1743 quum
555 1673 665 1743 posset
678 1668 770 1728 modo

43 1812 51 1821 ,
110 1755 148 1815 Et
161 1756 191 1814 in
207 1752 369 1829 sepulchro
383 1752 477 1812 vitam
490 1752 599 1826 lugens
615 1751 749 1826 degeret,

112 1839 231 1898 Claram
245 1843 414 1910 assequuta
427 1842 475 1897 est
488 1837 600 1895 lamam
615 1842 718 1896 castae
733 1835 872 1911 virginis.

111 1921 230 1981 Interea
244 1920 347 1979 lanum
361 1919 412 1993 qui
426 1919 626 1994 compilarant
639 1920 734 1992 lovis,

113 2005 200 2064 Cruci
215 2003 318 2062 suiilxi
332 2003 452 2062 luerunt
465 2018 583 2077 poenas
600 2002 723 2062 numini.

111 2088 227 2146 llorum
241 2085 386 2161 reliquias
403 2085 526 2160 nequis
541 2093 650 2161 posset
663 2087 779 2158 tollere,
867 2120 869 2125 ·

113 2170 263 2231 Custodes
279 2171 389 2231 dantur
401 2169 511 2231 milites
526 2170 712 2230 cadaverum

111 2254 337 2316 Monumentum
350 2253 448 2329 iuxta,
464 2254 571 2317 mulier
585 2270 646 2330 quo
662 2270 697 2314 se
711 2254 885 2313 incluserat

111 2339 287 2414 Aliquando
303 2338 408 2399 sitiens
422 2355 501 2400 unus
517 2339 556 2398 de
571 2337 751 2400 custodibus

111 2425 232 2498 Aquam
245 2421 365 2496 rogavit
378 2421 480 2480 media
492 2428 583 2482 nocte
596 2422 777 2492 ancillulam,

112 2507 196 2579 Quae
210 2506 288 2564 lorte
304 2503 446 2564 dominae
461 2512 531 2563 tunc
547 2504 716 2565 adsistebat
730 2519 818 2565 suae·

111 2589 280 2650 Dormitum
294 2587 392 2659 eunti;
406 2602 541 2662 namque
554 2586 769 2648 lucubraverat

111 2673 150 2735 Et
163 2689 263 2748 usque
276 2672 306 2732 in
323 2688 425 2733 serum
438 2671 560 2747 vigilias
576 2672 771 2748 perduxerat.

110 2756 237 2816 Paulum
249 2756 378 2817 reclusis
393 2756 510 2818 loribus
525 2758 612 2817 miles
627 2755 776 2832 prospicit

111 2839 265 2915 Videtque
279 2855 411 2916 aegram,
427 2841 485 2900 sed
499 2841 578 2900 facie
592 2841 720 2917 pulchra
734 2840 885 2900 laminam.

112 2922 278 3001 Corruptus
293 2923 411 2983 animus
426 2923 507 2983 illico
523 2923 720 2984 succenditur

110 3007 149 3069 Et
162 3009 256 3069 uritur
269 3007 384 3068 sensim
399 3007 583 3082 impudentis
599 3006 762 3081 cupiditas.

112 3091 229 3154 Sollers
244 3107 372 3153 acumen
386 3092 457 3153 mile
472 3106 584 3151 causas
599 3090 722 3164 invenit

111 3174 169 3235 Per
184 3192 260 3250 quas
274 3177 381 3236 videre
396 3182 504 3253 posset
517 3176 643 3236 viduam
657 3174 792 3251 saepius.

113 3257 295 3332 Quotidiana
309 3268 400 3336 capta
414 3260 635 3322 consuetudine

111 3340 258 3401 Paulatim
273 3343 353 3402 lacta
367 3351 415 3404 est
428 3347 568 3406 advenae
582 3343 789 3416 summissior;
891 3368 901 3385 ·

113 3424 186 3485 Mox
197 3427 308 3486 artiore
323 3426 419 3488 vinxit
431 3429 564 3490 animum
577 3428 698 3506 copula.
