2326 3810
325 713 657 838 'PllAEllltl-AUGUSll
676 714 820 836 1111111111
962 813 964 820 2

132 898 1023 1033 111111111111111180111111

386 1110 538 1175 LIBER
568 1109 766 1174 PRIMUS.

499 1336 657 1348 ..ιιι-*ν-

441 1520 712 1578 PROLOGUS

102 1615 253 1722 Aesopus
267 1653 374 1707 auctor
388 1662 479 1722 quarn
493 1647 649 1708 materiam
663 1649 821 1724 repperit,

103 1731 191 1792 Hano
187 1745 263 1820 ego
277 1730 372 1807 polivi
389 1730 528 1791 versibus
542 1732 682 1792 senariis.

103 1800 226 1892 Dupl'ax
239 1813 332 1874 libelli
347 1814 405 1875 dos
421 1815 483 1877 esta
488 1814 622 1892 quod
598 1833 694 1877 risum
707 1825 852 1882 movet

103 1897 142 1958 Et
157 1897 241 1973 quod
254 1898 414 1996 prudentis
428 1899 523 1960 vitam
537 1901 666 1962 oonsilio
681 1909 793 1960 monet.

104 1980 287 2041 Calumniari
301 1997 328 2041 s1
343 1996 419 2058 quis
426 1989 527 2044 autern
540 1984 679 2057 voluerit,
761 2032 767 2040 ,
1037 1992 1053 2045 5

105 2063 194 2137 Quod
208 2063 334 2126 arbores
349 2066 519 2142 loquantur,
536 2081 598 2126 non
612 2073 728 2129 tanturn
744 2068 836 2139 lerna,

104 2146 196 2208 Fictis
208 2147 307 2222 jocari
321 2147 379 2209 nos
393 2149 563 2210 meminerit
576 2149 697 2210 fabulis.

434 2281 681 2339 -FABULAL

405 2375 522 2440 LUPUS
543 2376 593 2440 ΕΤ
612 2376 748 2440 AGNUS.
834 2381 837 2384 ’

146 2477 198 2538 Ad
209 2477 308 2538 rivum
322 2474 453 2539 eundem
467 2479 558 2558 lupus
573 2488 604 2542 ot
619 2494 716 2554 agnus
731 2484 878 2538 venerant

105 2560 162 2624 Siti
177 2561 340 2636 compulsi.
356 2563 497 2638 superior
507 2564 608 2625 stabat
621 2563 712 2638 lupus

103 2645 271 2721 Longeque
285 2645 411 2710 interior
424 2661 531 2722 agnus.
558 2648 642 2707 Tunc
656 2647 743 2706 laune
758 2644 897 2720 improba

104 2728 197 2788 Latro
211 2728 315 2789 incitat
315 2745 352 2790 us
363 2729 456 2805 jurgii
472 2733 598 2791 oausam
611 2729 718 2790 intulit.

106 2811 175 2884 Cur,
191 2811 326 2887 inquitt
313 2812 515 2874 turbulentam
529 2814 629 2875 lauisti
643 2812 736 2873 mihi
808 2882 811 2887 ¹

104 2897 227 2969 Aquam
240 2894 378 2956 bibantit
404 2897 539 2973 Laniger
549 2905 621 2960 cont
621 2914 656 2969 ra
669 2898 796 2958 timans2

105 2978 162 3052 Qui
176 2994 314 3054 possum,
332 2994 458 3055 quaeso,
473 2981 585 3058 lauerat
602 2982 686 3058 quod
702 2981 848 3057 quereris,
864 2980 956 3053 lupe?

103 3063 134 3121 A
146 3069 177 3123 ta
192 3062 325 3123 decurrit
339 3062 379 3121 ad
393 3062 479 3124 moos
494 3065 623 3127 haustus
638 3065 749 3141 liquor.

102 3144 258 3221 Repulsus
273 3146 324 3206 illa
337 3145 473 3207 veritatis
485 3148 618 3210 viribus=
636 3154 639 3160 ’

102 3228 184 3289 Ante
198 3229 257 3289 hos
272 3245 330 3290 sex
344 3243 468 3291 manses
482 3232 571 3307 male,
586 3231 636 3303 ait,
653 3229 758 3291 dixisti
770 3229 852 3291 mihi.
1021 3236 1058 3284 to

102 3310 275 3387 Respondit
288 3328 401 3392 agnus:
428 3313 693 3397 Equidamnatus
706 3329 890 3454 donnana

137 3411 305 3461 unisonus.
