2326 3810
367 172 372 181 “
459 168 652 233 ΑΡΡΕΝΠΙΧ
672 174 737 238 11.·
793 221 797 226 .

346 416 355 429 ‘
460 341 636 400 resurr
655 345 703 400 ιιι.

357 452 473 520 suits
500 454 556 520 nr
583 453 802 518 ntnunno.
901 495 904 501 -

154 575 319 636 Consilium
335 575 462 650 quinon
477 576 562 636 audit
575 576 690 636 invenit
704 573 847 633 malum.

109 655 216 718 Aves'
209 675 240 718 ιιι
254 675 346 729 unum
361 675 454 734 quum
468 659 664 719 devenissent
653 665 787 729 ttoeum‚

112 741 263 802 Viderunt
275 740 430 801 hominem
444 732 643 802 seminantem
657 741 750 801 linum
765 752 849 815 agro.

113 824 200 897 Quod
213 832 245 885 ut
259 840 315 900 pro
330 823 424 883 nihilo
439 824 553 884 habere
566 825 757 887 hirundot
713 841 746 884 ιιι
744 824 867 899 tellegit,

86 907 164 967 ‘Sir
178 913 363 982 convocatas
379 905 511 966 allocuta
523 908 664 967 traditur.

110 991 189 1063 Hinc
204 991 293 1050 nobis
308 990 400 1051 instat
414 990 555 1051 omnibus
569 990 746 1066 periculum,
762 1059 768 1069 ¹

113 1073 145 1134 Si
161 1089 265 1134 semen
280 1074 320 1133 ad
334 1074 534 1134 maturitatem
550 1073 675 1136 venerit.
762 1121 766 1126 .

111 1159 196 1216 Aves
210 1158 315 1218 risere.
343 1157 470 1232 Deinde,
486 1164 518 1218 ut
531 1158 683 1219 fruticavit
696 1172 806 1232 seges,

110 1241 249 1301 ilirundo
264 1257 384 1301 rursus=
412 1232 507 1302 Instat
521 1242 682 1318 pernicies,
698 1242 755 1313 ait,

111 1323 237 1396 Adeste,
253 1338 378 1398 germen
391 1338 534 1386 eruamus
548 1326 684 1398 noxium,

111 1407 165 1478 Ne,
181 1407 208 1467 si
222 1423 295 1468 mox
309 1415 435 1482 creseat,
451 1409 523 1468 inde
538 1409 613 1469 liant
626 1408 712 1482 retia,

111 1489 148 1550 Et
162 1505 219 1550 nos
234 1490 390 1566 possimus
405 1491 519 1555 artibus
533 1491 674 1552 humanis
689 1492 803 1568 oapis

111 1573 224 1632 Ridere
238 1570 367 1649 pergunt
379 1575 475 1635 verba
488 1590 564 1636 aves
578 1574 750 1635 hirundinis

113 1656 323 1717 consiliumet
311 1664 487 1733 tspernunt
500 1658 592 1719 stulte
605 1658 884 1746 prudentissimum.
959 1671 963 1679 ·
987 1641 990 1646 ’
1061 1645 1064 1650 ’

111 1741 152 1799 Αι
166 1739 218 1798 illa
232 1746 320 1799 cauta
334 1742 375 1801 ad
388 1741 528 1802 homines
543 1757 579 1801 se
592 1742 666 1801 mox
680 1741 834 1817 eontulit,

112 1821 175 1882 Sub
191 1838 295 1883 eorum
309 1825 397 1885 tectis
410 1831 475 1886 tuta
487 1825 617 1901 posthae
631 1831 664 1885 ut
678 1825 766 1885 leret.

112 1904 184 1979 Sed,
202 1922 282 1982 quae
297 1908 418 1969 salubre
432 1907 579 1971 monitum
593 1915 776 1984 respuerant
790 1923 874 1983 aves,
986 1912 989 1917 ’

111 1988 157 2048 De
171 1989 232 2050 lino
249 1991 336 2052 laetis
352 1999 460 2069 captae
473 1999 603 2069 pereunt
616 1989 743 2079 retibus.

425 2116 638 2187 '‘rteune
655 2130 717 2186 xu.

357 2221 531 2284 PElllilX
549 2222 605 2284 ΕΤ
624 2219 810 2287 vetrae.

154 2306 282 2367 Resedit
295 2306 356 2366 alta
371 2307 526 2381 quondam
539 2307 650 2384 perdix
662 2305 790 2377 ,arbore3

112 2389 247 2464 Advenit
261 2391 386 2466 vulpes3
402 2389 515 2451 deinde
528 2392 574 2450 sic
589 2390 691 2466 eoepit
704 2389 805 2466 toqui=

33 2482 37 2490 ·
114 2473 138 2533 0
154 2480 267 2548 quante
281 2473 521 2550 vultnsspecies
536 2481 591 2549 ost,
607 2473 727 2552 perdix,
742 2473 799 2535 tui!

112 2557 152 2618 Ut
166 2563 281 2617 ostrum
296 2567 385 2618 crura
399 2559 515 2634 fulgent
528 2565 558 2619 et
572 2559 729 2621 corallum.

111 2641 153 2700 At
167 2641 193 2700 si
209 2641 366 2715 domares
384 2649 477 2718 quant
479 2657 497 2702 o
512 2643 667 2718 pulchrior
680 2644 780 2703 forest

111 2724 151 2785 Ut
165 2725 256 2784 stulta
269 2725 378 2800 perdix
393 2725 501 2786 clausit
515 2727 631 2797 oeulos,
647 2725 728 2785 illico

43 2880 46 2888 .
111 2808 203 2881 Rapit
191 2808 390 2895 teredentem
404 2807 525 2882 vulpes
551 2809 608 2869 Illa
621 2807 743 2869 fletibus
842 2844 847 2853 ·

111 2890 196 2948 llaec
210 2889 304 2950 mixta
317 2878 462 2964 gravibus
472 2890 569 2952 verba
583 2892 715 2967 supplex
729 2890 840 2954 edidit·

112 2973 251 3046 Tuarum,
268 2973 386 3048 vulpes,
400 2989 457 3050 per
472 2975 596 3039 virtutes
612 2976 728 3048 artium,

112 3055 244 3131 litante,
260 3071 386 3131 quaeso,
400 3073 512 3119 nornen
525 3060 665 3135 proteres
680 3073 798 3126 meum,

113 3138 165 3199 Sio
181 3138 356 3199 devorabis.
380 3140 511 3216 Vulpes,
525 3142 577 3204 ubl
591 3142 688 3205 voluit
701 3140 796 3214 loqui,

111 3224 240 3298 Aperuit
254 3240 306 3294 os;
323 3229 355 3284 at
366 3227 477 3299 perdix
491 3232 590 3287 evasit
603 3239 719 3287 necem.

112 3305 247 3383 Decepta
260 3307 386 3383 vulpes:
416 3306 494 3382 Quid
509 3323 587 3384 opus
603 3315 668 3369 crat
680 3308 764 3384 loqtti
778 3307 874 3369 mihil
919 3344 922 3349 ·

111 3389 283 3466 Respondit
295 3391 420 3468 perdix:
446 3391 484 3453 Et
498 3391 631 3473 dormire
646 3393 720 3471 quid
733 3393 805 3457 mihi
