2326 3810
462 173 575 242 LIBER
593 183 671 241 vs
750 193 755 200 ·

72 335 191 395 Aulaeo
205 333 311 408 misso,
327 333 479 394 devolutis
493 333 654 394 tonitribus

71 417 110 478 Di
115 423 195 478 ,sunt
208 417 301 477 locuti
317 432 402 476 more
415 418 616 478 translaticio.

71 502 157 563 Tune
172 501 284 561 chorus
298 501 433 575 ignotum
448 502 541 561 modo
556 502 683 562 reducto
700 500 849 561 canticum

75 586 222 657 insonuit,
238 584 327 659 eujus
341 584 419 644 haec
434 585 491 644 luit
505 591 668 646 sententia:

73 670 230 743 „Laetare
245 667 405 728 incolumis
420 669 526 742 Romu,
543 670 630 729 salvo
641 669 817 743 Principet“
891 688 895 695 ¹

23 753 26 757 ’
72 754 106 813 In
121 753 250 827 plausus
265 759 493 811 consurrectum
508 760 564 813 est.
592 752 796 813 Jactat'basiu·

65 835 211 906 -Tibieem
227 835 370 910 gratulari
384 835 520 896 lautores
536 844 631 911 putut.
667 844 669 848 ’
856 845 863 855 ”

71 921 223 995 Equester
236 919 313 979 ordo
329 919 454 979 stultum
468 933 603 978 errorem
617 920 764 994 intellegit

71 1003 246 1078 Magnoque
259 1003 324 1062 risu
339 1000 490 1062 canticum
504 1004 600 1079 repeti
612 1003 711 1078 jubet.

72 1087 200 1148 iteratur
215 1086 297 1145 illud.
326 1085 425 1146 Homo
440 1101 528 1146 meus
543 1103 579 1147 se
593 1088 623 1146 in
639 1086 755 1162 pulpito
777 1157 782 1169 ·

71 1170 178 1232 Totum
192 1171 367 1246 prosternit.
395 1169 514 1231 Plaudit
528 1171 669 1231 inludens
685 1184 797 1244 eques;

71 1255 193 1330 Rogare
207 1255 343 1330 populus
358 1253 438 1314 lrunc
453 1268 598 1314 coronam
613 1254 775 1315 existimat.

70 1337 112 1398 Ut
125 1352 199 1398 vero
215 1338 321 1397 cuneis
336 1338 435 1398 notuit
448 1352 499 1397 res
515 1339 664 1410 omnibus,

70 1421 225 1495 Princeps,
241 1422 335 1496 ligato
351 1435 439 1481 crure
453 1421 544 1481 nivea
557 1423 662 1493 inscie,

70 1505 239 1581 Niveisque
252 1499 371 1577 tunicis,
388 1505 487 1567 niveis
502 1505 592 1567 etiam
606 1506 728 1576 calceis,

73 1587 261 1664 Superbiens
276 1588 394 1648 honore
409 1589 533 1648 divinae
548 1590 667 1662 domus,

41 1746 47 1759 1
72 1669 119 1730 Ab
134 1673 286 1732 universis
302 1671 402 1746 eapite
416 1677 464 1731 est
477 1679 640 1747 protrusus
655 1673 748 1731 iores.

296 1792 299 1797 *
413 1791 590 1850 rnnunn
610 1793 682 1848 vlu.
728 1776 730 1780 ’

468 1884 626 1951 TEMPUS.

76 1984 79 1988 ’
115 1973 213 2034 Cursu
225 1974 352 2048 volueri,
367 1974 507 2051 pendens
522 1974 553 2035 in
568 1972 729 2048 nouacula,

72 2057 192 2130 Calvus,
209 2071 336 2118 comosa
350 2058 458 2131 ironte,
473 2059 556 2120 nudo
572 2074 711 2135 corpore,

67 2140 182 2214 ¹(Quem
196 2141 223 2200 si
238 2141 410 2216 occuparis,
425 2149 547 2213 teneas;
564 2143 703 2217 elapsum
718 2143 814 2202 semel

70 2223 136 2284 Non
153 2223 220 2299 ipse
235 2224 336 2301 possit
348 2225 489 2300 luppiter
500 2224 750 2300 reprehendere)

72 2305 272 2367 Occasionem
286 2323 387 2368 rerum
401 2308 554 2382 signifieat
566 2308 701 2368 brevem.

112 2389 247 2452 Effectus
263 2391 424 2467 impediret
437 2407 476 2452 nc
489 2392 594 2468 segnis
608 2407 704 2463 mora,

71 2473 201 2534 Finxere
215 2475 331 2551 antiqui
346 2476 437 2535 talem
450 2475 584 2551 effigiem
597 2475 766 2552 Temporis.

419 2595 596 2650 FABULA
617 2595 664 2649 IX.
722 2634 728 2640 -

300 2689 478 2752 TAURUS
504 2688 562 2750 lid
587 2689 791 2752 Vl'l'ULUS.

112 2777 255 2849 Angusto
269 2776 300 2835 in
315 2775 401 2834 aditu
414 2780 519 2834 taurus
536 2774 654 2834 luctans
669 2775 824 2851 cornibus,

71 2857 169 2932 Quum
184 2859 237 2917 vix
251 2860 363 2919 intrare
377 2864 486 2934 posset
500 2858 540 2917 ad
553 2859 727 2934 praesepia,

69 2941 262 3003 Monstrabat
277 2942 389 3002 vitulus
405 2957 466 3017 quo
483 2957 518 3002 se
534 2949 624 3018 pacto
639 2943 796 3018 plecteret.
905 2940 911 2946 '

70 3024 159 3100 Tace,
173 3026 279 3101 inquit,
295 3026 438 3087 antehoc
453 3027 535 3099 novi,
552 3034 648 3101 quam'
660 3035 691 3087 tu
705 3033 795 3086 nutus
811 3042 855 3086 es.

39 3142 44 3148 ·
114 3108 171 3181 Qui
186 3110 354 3170 doctiorem
369 3111 519 3181 emendat,
537 3109 595 3169 sibi
612 3110 671 3168 dici
686 3116 780 3186 putet.

429 3227 607 3283 FABULA
627 3228 663 3283 X.

272 3321 384 3385 ctdls
404 3321 454 3384 nl
475 3320 543 3383 SUS
563 3321 612 3383 ΕΤ
632 3322 822 3387 vudnlon

111 3424 272 3486 Adversus
288 3440 395 3487 omnes
410 3424 496 3486 tortis
512 3424 636 3486 veloces
650 3425 736 3487 ieras.
800 3505 815 3542 *

78 3514 101 3547 .’.·
772 3517 792 3569 4
