2326 3810
483 200 599 262 LIBER
613 203 649 260 ll.

98 351 161 412 Nec
175 352 225 411 ille
240 351 403 428 quicquam
417 352 516 411 sentit.
544 351 618 411 Tum
632 355 770 426 gaudeus
785 352 880 415 lerus'

98 434 203 495 Bubus
220 435 330 510 quietis
346 449 437 508 agere
451 435 553 509 coepit
567 435 689 509 gratias

97 518 269 593 Hospitium
284 518 415 577 adverso
432 519 515 593 quod
529 519 735 592 praestiterint
745 526 891 596 tempore.

97 601 269 676 Respondit
281 617 375 660 unus:
392 600 516 662 Salvum
530 608 560 660 te
576 603 714 676 cupimus
731 603 870 678 quidem;

98 683 162 745 Sed
175 685 234 758 ille,
251 684 424 759 quioculos
440 684 673 758 commanebat,
690 688 716 746 si
731 687 856 759 venerit,

97 767 208 842 Magno
224 768 254 826 in
268 767 384 842 periclo
402 768 462 826 vita
476 774 611 828 vertetur
624 776 685 828 1111.

96 851 180 911 Haec
194 851 272 910 inter
286 851 353 925 ipse
369 849 510 909 dominus
526 867 545 908 a
559 845 634 910 cena
648 853 727 912 redit

96 934 142 1006 Et,
160 933 233 1009 quia
248 939 408 1008 corruptos
421 932 542 992 viderat
557 929 653 1008 nuper
665 934 791 1008 boves‚'

97 1018 224 1076 Accedit
238 1017 278 1076 ad
293 1025 459 1092 praesepe:
477 1016 535 1075 Cur
548 1017 665 1077 frondis
679 1035 786 1093 parum
801 1028 855 1091 est,

98 1100 268 1160 Stramenta
283 1100 414 1160 desunt?
427 1099 545 1160 Tollere
559 1099 636 1159 haec
650 1117 763 1162 aranea

97 1184 245 1256 Quantum
260 1189 308 1243 est
320 1183 434 1256 laboris
444 1189 459 1241 1
471 1183 549 1242 Dum
564 1190 715 1245 scrutatur
729 1187 855 1260 singula,
970 1242 972 1246 Α

97 1267 184 1325 Cervi
201 1283 323 1342 quoque
338 1267 398 1326 alta
413 1267 607 1341 conspicatur
622 1284 751 1339 cornua;

97 1350 191 1422 Quem
207 1357 375 1410 convocata
386 1349 473 1423 jubet
488 1350 587 1409 occidi
602 1351 714 1410 lamilia

10 1431 15 1444 ¹
95 1433 306 1509 Praedamque
320 1433 404 1493 tollit.
433 1431 516 1492 Haec
531 1434 682 1507 significat
696 1436 806 1506 stabula,

95 1516 255 1575 Dominum
270 1517 374 1576 videre
389 1517 549 1591 plurimum
563 1517 592 1575 in
607 1517 699 1578 rebus
715 1520 788 1579 suis.

486 1651 648 1711 AUCTOR.

135 1768 252 1842 Aesopi
268 1767 389 1841 ingenio
405 1771 533 1826 statuam
547 1783 682 1842 posuere
696 1769 788 1827 Attici

96 1853 286 1926 Servumque
302 1851 491 1911 collocarunt
505 1857 628 1909 aeterna
643 1852 673 1910 in
687 1851 765 1924 basi,

93 1936 200 1994 Patere
214 1934 324 1995 honori
339 1934 450 1993 scirent
465 1941 496 1993 ut
510 1936 609 1993 cuncti
623 1935 705 1994 viam

94 2019 157 2079 Nec
170 2017 274 2092 generi
287 2017 387 2090 tribui,
404 2016 460 2076 sed
474 2017 585 2091 virtuti,
602 2019 738 2093 gloriam.

95 2101 243 2175 Quoniam
258 2107 422 2175 occuparat
436 2101 573 2172 alter,‘ne
588 2102 703 2176 primus
720 2103 824 2173 iorem,

93 2185 138 2243 Ne
153 2183 239 2244 solus
254 2190 345 2254 esset,
363 2184 480 2253 studui;
498 2184 583 2257 quod
596 2185 758 2258 superfuit:

93 2268 157 2327 Nee
171 2267 247 2326 haee
260 2266 382 2339 invidia,
398 2281 505 2324 verum
520 2272 567 2324 est
581 2267 751 2325 aemulatio.

96 2351 184 2423 Quod
199 2350 225 2409 si
240 2350 336 2409 labori
351 2348 458 2407 laverit
471 2347 588 2406 Latium
603 2363 681 2420 meo,
727 2378 731 2387 ·

94 2434 199 2494 Plures
213 2432 345 2504 habebit,
362 2447 440 2507 quos
457 2433 593 2505 opponat
608 2431 763 2491 Graeciae.

95 2517 128 2577 Si
144 2518 221 2576 livor
235 2516 403 2576 obtrectare
419 2531 521 2574 euram
536 2515 674 2588 voluerit
813 2525 815 2530 ·

94 2602 161 2662 Non
174 2606 274 2660 tamen
290 2600 397 2674 eripiet
410 2598 509 2658 laudis
526 2599 751 2658 conscientiam.

95 2683 128 2743 Si
142 2689 279 2743 nostrum
294 2683 426 2746 studium
440 2682 632 2756 pervenitad
647 2698 735 2741 aures
750 2689 818 2743 mas

94 2767 131 2826 Et
145 2773 210 2826 arte
223 2767 310 2825 fictas
322 2766 441 2825 animus
456 2764 546 2824 sentit
560 2763 688 2836 fabulas,

96 2849 221 2911 Omnem
238 2850 391 2924 querelam
405 2847 566 2909 submovet
579 2847 717 2906 felicitas.

95 2931 150 3014 Sin
164 2939 263 2993 autem
279 2933 387 2993 doctus
402 2933 461 2994 illis
478 2931 608 2991 occurrit
622 2930 717 3004 labor,

95 3015 224 3080 Sinistra
239 3031 317 3090 quos
332 3017 362 3074 in
377 3018 476 3076 lucem
490 3022 599 3075 natura
612 3016 718 3074 extulit

94 3099 157 3158 Nec
173 3100 335 3174 quiequam
350 3104 480 3174 possunt
493 3098 552 3157 nisi
566 3098 709 3157 meliores
724 3111 859 3172 carpere,

94 3181 198 3242 Fatale
213 3183 338 3243 exitium
354 3182 447 3242 corde
463 3181 569 3242 durato
585 3181 689 3254 ieram,

95 3265 200 3327 Donec
215 3267 363 3327 fortunam
380 3263 512 3324 criminis
524 3263 709 3336 pudeatsui.
