2326 3810
450 177 704 242 emmanu.
783 224 787 231 .
877 136 882 144 ’

303 384 309 402 .
418 335 594 394 FABULA
614 327 737 395 XXVIII.

326 427 528 492 nunnus
558 429 618 493 nr
648 415 815 494 nurus.

142 531 248 591 Fctum
262 529 390 606 capella,
407 545 500 608 quum
514 536 636 608 pastum
651 531 756 606 exiret,
773 549 861 593 suum

101 614 208 675 Pericli
223 608 361 690 Ignarum
372 613 498 688 monuit,
514 615 616 675 necui
632 616 743 676 ostium

102 699 251 774 aperiret,
266 698 375 759 multas
392 697 476 772 quod
491 698 583 759 sciret
596 713 745 777 pecorum
758 699 840 760 ieras

103 782 236 841 Circuire
250 780 380 842 stabula.
404 780 448 860 „Ut
462 780 544 853 abitt
560 782 686 842 advenit
699 783 800 862 lupus,

101 865 296 926 Assimulans
309 878 422 925 vocem
435 863 540 924 matris
557 870 586 924 et
596 863 692 939 iussit
706 867 789 926 iores

103 947 167 1008 Sibi
182 949 324 1008 reserari.
350 947 390 1008 Ut
402 945 523 1009 hoedus
539 946 663 1024 audivit,
679 950 753 1026 lupo

16 1090 20 1106 ἶ
101 1032 159 1090 Ρ61
171 1031 278 1091 rimam
292 1036 451 1107 spectans:
479 1030 582 1092 Audio
597 1045 707 1093 sonum
723 1033 847 1110 quidem

102 1114 216 1190 Matris,
232 1115 288 1175 scd
304 1115 398 1175 fallax
413 1122 504 1191 atque
519 1114 659 1178 inimicus
675 1132 709 1177 es
723 1117 812 1188 mitra

103 1198 167 1258 Sub
182 1199 286 1259 matris
303 1212 381 1260 voce
395 1205 533 1261 nostrum
549 1199 670 1274 quaeris
687 1201 867 1276 sanguinem

86 1286 88 1291 ’
102 1282 211 1342 Potare
225 1289 255 1343 ct
268 1289 375 1342 nostre
388 1298 481 1342 carne
496 1283 610 1343 s'atlarl.
635 1284 724 1344 Vale.

145 1365 226 1427 Laus
240 1381 352 1442 magna
365 1366 445 1426 natis
460 1365 591 1442 obsequi
604 1367 794 1444 parentibus.

393 1508 396 1514 ·
428 1483 606 1545 FABULA
624 1485 723 1545 XXIX.

245 1641 249 1649 ,
309 1577 506 1642 1111111ἱί
531 1578 587 1640 ΕΤ
615 1579 829 1645 seuleus

145 1678 280 1753 Serpens
296 1677 458 1753 cujusdam
473 1677 618 1754 pauperis
632 1678 663 1737 in
678 1680 882 1763 parva‘domo

102 1762 216 1821 Venire
231 1777 354 1837 semper
367 1762 409 1821 ad
422 1775 560 1821 mensam
575 1770 786 1837 consueverat,

102 1845 140 1904 Et
154 1845 225 1905 inde
240 1844 326 1906 micis
341 1844 526 1921 pascebatur
538 1846 672 1920 largiter.

102 1929 196 1990 Dives
211 1936 283 2004 post
296 1930 401 2005 paullo
416 1929 515 1992 iactus
528 1929 621 1993 irasci
635 1929 741 2009 incipit

104 2012 244 2087 serpenti
263 2020 294 2074 et
306 2015 447 2075 vulnerat
460 2028 579 2074 secure.
614 2013 764 2090 Tempore

102 2096 158 2154 1116
173 2096 353 2170 interposito
368 2098 409 2156 ad
423 2098 582 2171 pristinam
597 2103 765 2171 egestatem
778 2099 867 2158 redit.

102 2180 142 2239 Ut
156 2179 302 2238 intellexit
316 2182 351 2238 'se
364 2180 486 2239 fortuna
499 2178 624 2239 divitem

104 2262 261 2338 Serpentis
276 2268 346 2322 ante
361 2264 473 2322 laetum
488 2276 579 2338 quam
592 2262 788 2338 laceraverat,

102 2346 152 2405 nd
167 2346 249 2406 illum
262 2346 346 2406 venit
361 2353 391 2406 61
405 2345 516 2405 blande
529 2352 673 2422 precatus
687 2353 743 2419 est,

103 2430 281 2504 Ignosceret
292 2430 441 2506 peccanti.
470 2430 524 2491 cni
539 2445 669 2506 serpens
684 2431 741 2491 altr

102 2513 144 2572 Te
158 2513 326 2588 poenitebit
340 2513 476 2587 sceleris,
491 2530 592 2590 usque
606 2515 679 2575 dum
692 2530 761 2575 mea

104 2596 233 2657 cicatrix
248 2599 353 2659 clause
367 2599 470 2671 fueritr
486 2599 593 2659 attide
607 2599 725 2674 integra

102 2680 147 2740 Ea
161 2682 291 2756 posthac
306 2699 367 2742 non
379 2683 444 2757 jam
459 2682 512 2742 tibi
527 2682 671 2756 permittit
685 2682 820 2742 credere.

103 2763 215 2825 Redire
228 2766 287 2824 hae
300 2766 368 2839 lege
383 2765 413 2824 in
428 2764 555 2838 gratiam
567 2769 669 2826 tecum
678 2764 764 2837 volo,

104 2838 228 2909 Securis
243 2863 397 2922 nunquam
411 2845 550 2923 perfidae
564 2847 591 2908 si
605 2847 802 2908 meminerim.

144 2930 314 3006 Suspectus
330 2945 401 2992 esse
415 2930 515 3007 debet,
532 2932 584 3008 qui
592 2928 686 2994 laesit
700 2931 805 3006 semel,

102 3015 139 3074 Et
154 3022 242 3077 caute
257 3028 378 3090 semper
392 3015 572 3089 integranda
586 3010 691 3089 gretia

430 3124 607 3194 saeuae
626 3108 713 3195 tlxx.

346 3226 518 3302 sputus
544 3226 600 3291 111
626 3226 806 3297 ultius

142 3329 254 3402 Aquila
269 3342 361 3404 quum
375 3327 470 3388 tristis
485 3328 637 3390 assideret
650 3328 742 3389 mlluc

102 3412 135 3471 ln
151 3409 275 3472 arbore:
305 3411 397 3477 Vultu
414 3411 489 3491 quid
503 3419 536 3478 16
547 3410 908 3490 mmmmm&
