2326 3810
130 165 171 230 tc
387 162 559 227 rainoni
579 132 827 247 saeuumnir

108 302 215 376 'illam
229 315 270 375 ad
283 323 410 390 partem,
428 333 519 392 quam
534 317 725 392 superiorem
738 317 867 391 viderat,
895 329 898 337 ’
981 322 984 329 ’
1014 364 1017 370 .

127 400 168 460 Se
186 399 372 460 conserebat.
401 401 436 466 ln
451 416 561 476 pacem
576 417 669 476 quum
684 401 845 477 pristinam
1069 411 1086 462 5

126 483 303 555 Redissent,
318 484 403 544 fraus
417 485 539 560 utrique
552 485 658 559 generi
672 484 826 559 apparuit.

128 567 296 626 Damnatus
311 582 384 642 ergo
399 573 460 628 tarn
474 569 621 643 pudendo
635 568 761 648 crimine

128 650 241 710 Lucem
255 650 410 726 refugiens
426 652 499 712 atris
515 651 646 726 posthac
660 652 797 712 condidit

129 732 171 793 Se
185 732 329 808 tenebris,
346 735 432 795 solus
447 735 588 795 noctibus
604 749 728 809 semper
741 737 862 795 volans.

162 815 228 890 'Qui
243 832 279 876 se
294 816 414 877 duabus
430 818 594 879 venditarit
608 817 757 895 partibus
1051 826 1086 880 lt)

128 899 274 974 Utrisque
288 900 424 975 ingratus
436 899 530 960 vitam
545 902 637 976 deget
651 901 786 977 turpiter

456 1035 634 1096 FABULA
655 1039 753 1095 XVIII.

281 1090 484 1211 10001011,
495 1130 698 1195 socrrrrra
718 1133 768 1194 nr
788 1130 943 1194 loosrs.

171 1237 327 1312 Achpiter
341 1235 382 1294 ad
396 1233 546 1294 lusciniae
559 1234 665 1294 nidum
680 1237 750 1294 dum
767 1230 854 1294 sedet

128 1324 269 1383 Auritum
283 1319 456 1395 speculans,
472 1316 534 1376 illic
548 1319 650 1393 pullos
664 1316 788 1378 invenlt.

129 1405 226 1465 Mater
239 1403 362 1478 periclo
370 1405 453 1461 mota
466 1401 563 1476 prolis
579 1400 704 1462 advolat

130 1487 342 1563 supplexque,
357 1483 451 1560 pullis
465 1490 499 1544 ut
512 1492 619 1559 parcat
634 1486 708 1561 suis,
722 1490 820 1560 rogat.

128 1569 299 1646 Accipiter=
329 1567 417 1641 Quod
430 1567 488 1640 vis,
504 1567 610 1644 inquit,
626 1568 745 1642 faciam,
761 1569 788 1627 si
802 1563 886 1627 bona

130 1654 268 1715 cantaris
283 1666 363 1712 voce
377 1666 498 1710 carmen
513 1650 703 1715 modulatum
716 1648 800 1713 mihi.

128 1742 171 1799 At
184 1738 244 1812 1110,
260 1735 398 1812 quumvis
414 1734 569 1794 excideret
578 1734 711 1808 animus,
727 1740 828 1795 tamen

129 1822 213 1882 Metu
227 1826 334 1880 coacta
348 1826 395 1878 est
409 1825 439 1877 et
452 1818 585 1881 cantavit
599 1819 732 1895 denique

129 1906 243 1966 Dolore
258 1904 358 1979 plena.
386 1902 534 1963 Praedam
550 1903 603 1978 qui
619 1909 796 1978 captaverat

129 1987 286 2063 Accipiter
300 1986 356 2044 illi:
386 1981 453 2045 Non
467 1992 500 2045 tu
514 1984 643 2047 cantasti
655 1986 743 2057 bene,

90 2094 113 2135 ο
129 2071 168 2132 Et
180 2085 274 2130 unum
289 2083 306 2128 0
320 2063 412 2144 pullis
423 2069 630 2145 ,apprehendit
643 2069 796 2145 unguibus
899 2133 902 2139 ,
1026 2145 1030 2157 ῃ

131 2153 300 2229 coepitque
316 2153 476 2213 devorare.
503 2153 551 2213 Ex
565 2154 690 2215 diverso
705 2152 791 2212 venit
913 2176 932 2219 χ
1068 2176 1072 2183 ·

129 2241 256 2315 Auceps
271 2243 303 2297 et
316 2237 433 2296 calamo
449 2236 527 2296 clam
541 2236 642 2298 levato
657 2235 810 2314 perfidum

129 2322 226 2386 Visco
242 2320 388 2395 contingit
401 2328 493 2395 atque
507 2319 538 2379 in
552 2327 664 2381 terram
678 2319 795 2395 dejicit.

172 2403 351 2479 QuIcunque
366 2403 491 2468 fraudes
506 2403 558 2462 alii
573 2404 669 2464 tendit
683 2401 841 2476 subdolas,
1000 2447 1005 2453 .
1052 2413 1084 2467 lt

130 2487 248 2546 Timere
263 2485 363 2560 debet,
378 2488 417 2544 ne
431 2482 500 2558 ipse
516 2487 654 2559 capiatur
668 2487 750 2546 dolo.

468 2616 647 2676 FABULA
666 2616 741 2676 XIX.

332 2710 461 2796 turns,
483 2712 624 2780 vtnrns
645 2712 695 2778 ur
715 2713 870 2779 rnsroa.

173 2819 279 2892 Lupus
293 2825 482 2894 pertempus
497 2819 660 2879 maximam
676 2824 875 2894 congesserat

131 2902 280 2962 Praedam
294 2901 325 2960 in
340 2899 450 2973 cubile,
465 2902 592 2963 haberet
605 2909 639 2963 ut
652 2901 775 2975 cibaria,

132 2986 207 3061 Quis
221 2986 326 3061 plures
341 2992 451 3060 posset
464 3001 587 3046 menses
603 2985 665 3045 otio
681 2984 749 3044 lrui.

131 3071 250 3145 Vulpes
264 3076 297 3129 ut
310 3069 403 3142 novit,
420 3070 460 3129 ad
475 3066 574 3129 cubile
589 3068 663 3129 adiit
677 3066 742 3151 lupi

131 3153 170 3212 Et
182 3166 261 3213 voce
274 3151 417 3212 tremulat
446 3152 601 3225 110το010,
617 3150 718 3224 irater,
734 3151 859 3212 omnint
1066 3159 1084 3212 5

133 3235 222 3309 Quod
234 3243 264 3297 10
278 3250 340 3297 non
353 3236 418 3296 vidi
433 3237 520 3297 silvis
534 3245 697 3297 venantem
710 3236 779 3307 tuis,

131 3319 258 3379 Tristem
274 3334 330 3392 per
343 3334 450 3380 omnes
464 3320 523 3382 hos
536 3321 586 3396 egi
599 3321 693 3381 vitam
707 3319 784 3379 dias.
907 3372 913 3378 .
957 3387 961 3392 ⁸

131 3401 236 3478 Lupus
251 3402 377 3462 livorem
391 3411 557 3479 postquam
570 3406 695 3480 agnouit
708 3402 861 3494 aemalae:
