2326 3810
107 181 139 223 ιν
272 164 324 224 ΒΕ
344 162 516 224 PHAEDRI
542 160 631 221 vlla
651 161 701 221 ET
720 161 895 225 FABULIS.

108 332 166 375 nus
187 331 287 392 neque
309 316 369 377 coli
391 330 577 393 magnopere
598 330 699 390 neque
715 315 745 375 in
758 315 915 376 Musarmn
929 319 1059 388 coetum,

25 407 28 412 '
108 420 141 473 ut
154 419 247 489 poeta
260 416 407 492 loquitur,
429 415 525 490 recipi
540 413 628 473 facile
643 413 756 488 potuit;
784 414 873 489 cujus
888 413 932 472 rei
947 427 1058 471 causas

108 511 258 573 fabulator
283 514 350 590 ipse
376 521 406 573 et
429 514 557 573 livorem
581 512 665 573 laudi
689 528 764 573 suae
790 513 1007 573 obtrectantem
1029 518 1059 569 et

106 625 234 684 pravum
256 613 416 672 multorum
437 610 592 672 hominum
613 610 767 685 ingenium
788 611 819 670 in
838 611 963 685 epilogo
989 609 1058 669 iibri

107 707 276 769 tabularum
291 709 418 769 secundi
433 709 537 768 attulit.

192 807 274 880 Quae
287 825 378 882 quum
393 808 435 867 ita
449 809 518 883 sint,
534 809 791 883 acquiescendum
807 815 855 869 est
869 810 899 869 in
914 810 961 883 iis,
978 823 1057 882 quae

106 909 199 980 poeta
220 907 251 966 in
272 906 349 969 libro
365 924 423 968 suo
443 900 594 968 vel‘iorte
615 910 665 967 vel
686 925 743 985 per
758 908 953 969 occasionem
968 907 1007 966 de
1021 921 1056 965 se

105 1005 249 1079 prodidit.
278 1007 386 1068 Natum
407 1022 442 1068 se
465 1008 540 1068 dicit
558 1009 589 1065 in
607 1014 710 1066 monte
723 1007 822 1067 Pierio
843 1005 895 1064 lib.
911 1006 962 1064 lll.
977 1005 1056 1080 prol.

105 1099 246 1180 17-19,
263 1122 353 1181 quem
368 1114 501 1166 montem
518 1104 674 1164 Octaviani
689 1105 819 1179 Augusti
841 1111 979 1180 tempore
992 1102 1055 1161 Ma-

71 1254 74 1261 .
105 1203 240 1262 cedones
260 1202 413 1262 tenebant.
443 1204 507 1277 Quo
527 1210 627 1262 tamen
651 1218 730 1262 anno
753 1210 782 1263 et
798 1203 908 1277 quibus
923 1200 1055 1278 parenti-

103 1299 161 1359 bus
182 1305 286 1374 natus,
312 1306 411 1360 utrum
437 1317 476 1360 ex
496 1308 583 1378 patre
605 1317 697 1361 servo
719 1309 897 1377 procreatus
919 1318 958 1360 an
981 1316 1053 1361 casu

104 1414 212 1458 servus
228 1399 324 1459 iactus
339 1399 378 1459 sit
389 1404 420 1460 et
430 1392 490 1476 quo
501 1407 639 1476 tempore
648 1395 778 1461 Romam
788 1399 913 1473 venerit,
929 1398 960 1457 id
972 1404 1054 1458 certo

104 1496 228 1572 quidem
243 1496 361 1557 deliniri
375 1496 457 1559 nullo
472 1480 563 1575 pacto
579 1505 690 1574 potest
711 1500 752 1583 At
760 1490 934 1557 Phaedrum
951 1512 1054 1570 quam-

102 1596 151 1657 vis
166 1613 279 1673 genere
294 1598 443 1658 Graecum
458 1615 477 1658 a
497 1599 626 1674 pueritia
640 1597 750 1658 latinas
767 1610 891 1671 quoque
907 1594 1054 1654 didicisse

103 1695 206 1757 literas
223 1715 315 1774 quum
330 1715 347 1758 e
363 1698 520 1760 doctrinae
535 1699 748 1775 sermonisque
762 1695 926 1773 elegantia,
949 1699 1053 1768 utpote

104 1811 184 1871 quae
198 1796 291 1855 multo
301 1794 430 1855 'demum
443 1813 503 1856 usu
516 1798 648 1872 potuerit
663 1796 843 1870 comparari,
858 1802 920 1853 tum
933 1809 971 1852 ex
983 1793 1053 1867 epil.

102 1894 154 1953 lib.
169 1892 219 1951 lll.
233 1891 284 1956 33.
301 1878 488 1968 intelligitur,'
512 1909 572 1969 quo
594 1894 625 1953 in
646 1895 715 1954 loco
736 1907 860 1972 versum
875 1907 894 1949 a
908 1906 942 1949 se
956 1906 1052 1965 puero

102 1994 212 2065 lectum
227 2007 298 2052 esse
313 1999 430 2066 narrat,
454 1992 505 2068 qui
526 1992 582 2052 luit
602 1993 633 2052 iu
649 1993 683 2066 Q.
697 1991 786 2052 Ennii
799 1990 948 2066 Telepho,
972 1990 1054 2050 unde

103 2091 234 2151 eundem
249 2098 426 2166 excerptum
439 2099 587 2152 memorat
602 2086 685 2152 Sext.
699 2091 866 2167 Pompejus
876 2089 985 2150 Festus
1001 2089 1050 2148 lib.

100 2189 151 2250 XI.
173 2188 213 2251 de
232 2189 318 2249 verb.
339 2189 495 2276 siguli-ad
509 2205 579 2252 voc.
593 2185 711 2253 Mutire.
744 2191 780 2250 ln
795 2190 938 2250 familiam
953 2195 1052 2249 autem

101 2289 294 2364 imperatoris
308 2290 440 2367 Augusti
462 2290 528 2353 sine
550 2290 649 2352 dubio*
665 2298 695 2352 et
709 2296 836 2368 propter
848 2305 967 2350 morum
980 2304 1051 2369 pro·

100 2387 226 2448 bitatem
246 2394 276 2449 et
295 2382 422 2466 propter
441 2389 554 2464 ingenii
576 2390 756 2466 elegantiam
775 2395 917 2466 receptus
929 2394 1051 2474 ‘tantam

104 2486 216 2549 domini
230 2486 357 2562 gratiam
372 2487 429 2548 sibi
445 2488 632 2561 conciliavit,
648 2495 680 2547 ul
694 2505 785 2548 manu
798 2490 912 2549 missus
928 2490 976 2548 sit.
1040 2517 1043 2522 ·

186 2585 350 2648 Octaviano
365 2586 505 2662 Augusto
520 2586 632 2646 deinde
644 2592 761 2646 mortuo
773 2584 929 2645 Phaedrus
941 2602 1051 2660 magna

101 2684 233 2747 sillictus
249 2691 297 2747 est
310 2684 489 2746 calamitate.
518 2685 615 2759 Quum
630 2686 709 2745 enim
723 2683 792 2744 libri
806 2685 843 2744 ll.
858 2683 919 2744 sab.
934 2683 964 2744 6.
981 2701 1049 2759 per-

101 2783 274 2844 strinxisset
293 2784 468 2850 ardeliones
490 2789 521 2845 et
534 2784 725 2860 imperatoris
739 2782 848 2843 Tiberii
864 2783 953 2844 simul
966 2799 1050 2844 men·

100 2884 213 2959 tionem
233 2874 464 2965 'impmdenti'us
495 2882 634 2956 iecisset,
658 2872 818 2956 nonnulli,
851 2882 1050 2959 inprimisque

99 2980 321 3056 Ael'SejttnnS,
336 2968 446 3039 *liberii
458 2980 583 3065 amicus
599 2981 751 3057 suspicari
767 2970 933 3058 coeperunt
947 2984 1048 3055 singu·

100 3080 137 3138 lis
153 3078 263 3139 fabulis
288 3078 425 3154 singulos
448 3079 600 3154 quosdam
613 3078 752 3152 homines
768 3098 787 3142 a
801 3085 894 3158 poeta
906 3078 1005 3139 notari
1019 3087 1050 3138 et

101 3177 262 3252 malignius
278 3178 372 3254 carpi.
396 3177 485 3251 Quod
500 3179 639 3255 quamvis
654 3188 744 3257 neget
759 3198 827 3257 ase
840 3182 952 3240 laetum
967 3193 1047 3249 esse,

100 3283 202 3335 tamen
227 3273 295 3348 ejus
320 3276 499 3337 calamitatis
533 3285 686 3338 auctorem
710 3281 742 3339 in
767 3279 895 3354 prologo
920 3276 972 3336 lib.
997 3277 1047 3336 lll.

99 3371 411 3436 40-50..conutetur
424 3391 459 3436 se
474 3376 570 3437 luisse
586 3378 695 3455 ipsum.
724 3374 852 3435 Videtur
866 3381 965 3450 autern
980 3374 1043 3434 Ael
