2326 3810
137 187 179 253 aa
393 184 566 246 nmmum
586 184 831 268 amounauu

137 341 175 400 Et
189 339 322 415 graviter
335 353 384 397 ine
399 345 496 398 tutare
508 336 626 412 judicio
642 343 704 398 tuo.

137 423 267 484 Excedit
280 421 399 482 animus
415 436 505 495 quem
519 420 681 495 proposuit
695 419 871 488 terminum3

48 537 51 543 ·
140 506 203 569 Sed
219 505 379 565 difficulter
394 505 563 565 continetur
576 503 709 578 spiritus
817 525 823 532 ·

139 589 321 664 Integritatis
337 589 389 662 qui
403 588 541 649 sincerae
556 586 699 646 conscius

139 676 168 733 A
182 672 343 733 noxiorum
357 671 503 748 premitur
516 669 697 730 insolentiis.

119 769 124 778 ¹
141 757 198 829 Qui
214 756 283 829 sint,
299 755 452 830 requires;
468 751 660 828 apparebunt
673 759 820 828 tempore.

140 838 388 916 Egosquondam
403 836 462 911 legi
479 852 570 910 quarn
585 853 662 911 puer
672 837 865 909 sententiam,

141 922 265 996 „Palam
279 921 386 981 mutire
401 920 524 997 plebejo
539 921 692 996 piaculum
708 926 785 991 est‚“

141 1005 219 1066 Dum
234 1005 348 1065 sanitas
363 1004 523 1077 constabit,
539 1005 666 1079 pulchro
679 1004 855 1064 meminero.
944 1056 954 1071 ,

420 1233 558 1295 LIBER
581 1233 807 1307 QUARTUS.

356 1336 480 1414 colim
501 1351 551 1412 nn
573 1351 874 1415 anarromonnu.

184 1456 280 1530 Quum
295 1455 499 1517 destinassem
513 1456 673 1515 terminum
687 1455 772 1530 operi
788 1459 919 1515 statuere

142 1540 176 1599 In
191 1540 259 1610 hoc,
275 1545 308 1598 ut
322 1539 390 1610 aliis
406 1545 495 1599 essct·
503 1539 648 1600 materiae
663 1537 748 1610 satis,
836 1607 847 1615 ,-

144 1622 310 1683 Consilium
325 1623 416 1682 tacito
433 1623 528 1683 corde
542 1620 685 1682 damnavi
699 1636 808 1683 meum.

142 1707 219 1766 llam
234 1706 260 1765 si
277 1706 345 1778 qius
359 1707 429 1766 talis
445 1714 492 1768 cst
507 1708 597 1767 etiam
611 1705 686 1767 tituli
701 1712 860 1782 appetens,

144 1789 209 1862 Quo
224 1796 314 1864 pacto
331 1788 557 1862 demonstrabit,
575 1789 719 1865 quidnam
734 1789 896 1863 omiserim,
983 1842 992 1847 ..

142 1873 182 1932 Ut
196 1871 270 1931 illud
286 1872 386 1947 ipsum
402 1874 504 1947 cupiat
518 1873 617 1932 famae
632 1872 762 1947 tradere,

144 1956 207 2016 Sua
222 1955 332 2029 cuique
349 1972 441 2029 quum
456 1956 494 2015 sit
509 1955 600 2016 animi
616 1955 760 2030 cogitatio
859 2000 872 2006 -
940 2030 944 2035 ,

137 2039 297 2112 ¹Colorque
312 2039 470 2113 proprius!
499 2039 581 2115 Ergo
595 2055 657 2098 non
673 2039 781 2099 levitas
797 2041 878 2113 mibi,

31 2164 34 2171 -
144 2122 207 2182 Sed
223 2129 306 2182 certa
320 2122 397 2182 ratio
414 2137 536 2182 causam
554 2121 710 2182 scribendi
725 2122 817 2183 dedit.

145 2207 251 2281 Quare,
265 2205 424 2279 Peniculo,
443 2205 587 2280 quoniam
603 2207 723 2282 caperis
740 2206 858 2278 fabulis,

143 2291 239 2364 (Qtras
254 2290 420 2365 AesopIas,
436 2307 498 2350 non
512 2291 639 2367 Aesopi,
656 2290 789 2364 nomino,

143 2374 260 2432 Paucas
277 2374 412 2433 ostendit
424 2374 483 2448 ille,
500 2389 557 2448 ego
573 2376 677 2451 plures
692 2375 822 2445 dissero,

143 2456 227 2515 Usus
244 2461 361 2514 vetusto
377 2471 499 2528 genere,
516 2456 572 2516 sed
587 2457 679 2517 rebus
694 2459 814 2532 novis3)

145 2538 288 2611 Quartum
304 2536 446 2609 libellum,
464 2554 556 2612 quum
569 2540 695 2613 vacarit,
712 2543 863 2617 perleges.

144 2623 231 2682 Hunc
248 2620 418 2681 obtrectare
433 2621 459 2681 si
474 2621 557 2681 volet
571 2624 751 2701 malignitas,

144 2706 256 2766 Imitari
271 2706 342 2765 dum
356 2720 416 2766 non
432 2707 540 2782 possit,
558 2706 704 2770 obtrectet
717 2710 795 2769 licet.

143 2789 216 2848 Mihi
230 2797 319 2865 parta
334 2792 399 2851 laus
415 2799 469 2866 est,
487 2792 570 2868 quod
586 2799 625 2865 tu
643 2794 727 2868 quod
742 2793 856 2854 similes
870 2793 912 2853 tui
949 2864 954 2869 ³

53 2884 56 2889 ·
143 2874 272 2934 Vestras
288 2875 318 2933 in
334 2875 454 2956 clrartas
469 2876 565 2935 verba
578 2876 747 2935 transfertis
761 2892 830 2936 mea

143 2957 335 3035 Dignumque
351 2960 442 3033 longa
452 2959 597 3034 judicatis
612 2960 767 3020 memoria.

101 3058 104 3064 ’
147 3041 345 3103 inlitteratum
361 3044 502 3118 plausum
518 3060 572 3103 cur
586 3043 752 3103 desidero?

505 3162 683 3222 FABULA
703 3163 722 3218 Ι.
773 3170 778 3179 “

444 3262 580 3324 ASlNUS
600 3260 650 3322 ΕΤ
672 3258 788 3321 euml.

187 3341 242 3414 Qui
258 3348 347 3401 natus
363 3351 410 3403 est
423 3345 536 3421 infelix,
553 3364 614 3408 non
629 3347 722 3406 vitam
735 3346 829 3404 modo

145 3424 273 3485 Tristem
290 3425 428 3500 decurrit,
444 3445 550 3490 verum
565 3437 636 3504 post
651 3430 765 3490 obitum
782 3443 905 3504 qnoque
