2326 3810
457 169 459 177 ’
497 160 613 241 umen
627 163 677 221 111.
1019 163 1060 226 ee

114 317 260 388 Aesopus
274 313 321 374 ibi.
330 319 425 386 stans,
440 314 522 374 naris
537 321 695 374 emunctae
710 329 813 387 senex,

113 399 228 458 Natura
241 413 397 473 nunquam
411 397 508 457 verba
521 398 570 457 cui
585 397 684 472 potuit
699 390 787 458 dere=
1023 408 1055 459 15

114 481 148 540 Si
163 496 330 555 procurare
343 481 392 541 vis
408 488 569 553 ostentum,
585 481 709 553 rusticae,

113 565 244 640 Uxores,
260 564 365 641 inquit,
382 565 423 624 de
436 565 496 624 tuis
510 563 696 638 pastoribus.

461 700 634 760 FABULA
655 706 702 760 IV.

405 793 540 856 invius
560 796 609 857 ET
630 795 767 860 sunus,

152 895 288 955 Pendere
304 896 344 955 ed
358 895 472 960 lanium
488 895 612 969 quidam
626 899 704 957 vidit
719 898 849 972 simium‚

112 979 194 1038 Inter
206 978 337 1038 reliciias
350 993 469 1037 merces
483 986 576 1052 atque
591 982 739 1054 opsonia;

112 1060 277 1136 Quaesivit,
293 1062 444 1137 quidnam,
452 1068 596 1135 saperet?
622 1063 698 1123 Tum
712 1063 811 1124 lanius
823 1064 948 1138 jocans:

111 1145 217 1217 Quale,
234 1145 341 1220 inquit,
358 1151 450 1219 eaput
461 1153 517 1217 est,
533 1147 603 1206 talis
619 1152 793 1222 praestatur
807 1163 911 1222 sapor.

153 1227 293 1288 Ridicule
308 1227 405 1303 magis
420 1228 480 1288 hoc
496 1228 610 1299 dotum
625 1247 717 1306 quam
731 1247 804 1290 vere
820 1231 962 1303 aestimo;
1038 1243 1054 1292 5

112 1308 240 1383 Quando
256 1317 285 1370 et
298 1312 452 1372 formosos
467 1328 562 1387 saepe
576 1315 679 1374 inveni
694 1316 857 1389 pessimos,

109 1394 149 1453 llt
162 1395 242 1469 turpi
258 1395 336 1454 leole
351 1394 463 1455 multos
478 1397 609 1470 cognovi
625 1397 767 1473 optimos.

464 1533 640 1590 unauna
659 1520 718 1590 v.'

348 1624 517 1688 AESOPUS
537 1628 586 1688 ET
607 1628 808 1690 PETULANS.

88 1795 93 1800 ,
151 1724 325 1786 Successus
339 1725 380 1784 ad
393 1727 560 1800 perniciem
574 1729 686 1789 multos
701 1728 841 1787 devocat.

109 1809 237 1883 Aesopo
253 1807 377 1883 quidam
393 1809 683 1887 petulanslapidem
698 1811 875 1885 impegerat.

108 1891 213 1966 Tanto,
226 1891 333 1966 inquit,
348 1892 469 1952 melior!
499 1893 612 1954 Assem
627 1894 739 1954 deinde
753 1894 795 1953 illi
810 1892 905 1969 dedit,

110 1973 162 2034 Sic
176 1980 374 2050 prosecutum
401 1975 473 2036 Plus
488 1992 549 2037 non
564 1978 663 2039 habeo
678 1993 726 2038 me
740 1978 879 2051 Hercule,

110 2055 182 2131 Sed,
196 2057 278 2119 unde
293 2057 434 2133 accipere
447 2062 560 2136 possis,
575 2061 753 2123 monstrabo
769 2060 831 2121 tibi.
1038 2075 1053 2123 5

109 2140 202 2200 Venit
214 2141 288 2199 e'cce
303 2140 391 2202 dives
406 2150 437 2203 et
449 2149 576 2217 potens:
591 2145 662 2204 huic
676 2145 815 2204 similiter

108 2223 247 2300 Impinge
260 2223 395 2297 lapidem
409 2231 439 2284 et
450 2226 574 2300 dignum
589 2227 724 2302 accipies
739 2225 917 2302 praemium.

107 2305 279 2366 Persuasus
293 2305 344 2365 ille
358 2307 438 2380 lecit,
456 2309 540 2382 quod
554 2309 688 2369 monitus
702 2309 772 2379 luit;

52 2432 62 2437 -
108 2385 169 2452 Sed
187 2403 261 2466 spes
276 2388 382 2449 lelellit
396 2390 603 2465 impudentem
617 2391 791 2452 audaciam:

109 2469 315 2545 comprensus
329 2489 462 2550 namque
476 2490 595 2550 poenas
609 2475 758 2551 persolvit
772 2489 871 2534 cruce.
1019 2488 1050 2536 10

453 2611 630 2670 FABULA
650 2615 696 2670 Vl.

380 2705 535 2768 liesca
560 2707 616 2768 ET
643 2707 775 2768 MULA.

148 2805 255 2865 Musca
269 2805 300 2865 in
314 2813 435 2866 temone
450 2807 530 2867 sedit
543 2814 575 2867 et
587 2808 699 2867 mulam
709 2807 887 2881 increpans:

107 2887 204 2960 Quam
217 2887 305 2948 tarde
318 2896 368 2948 esi
385 2889 491 2964 inquit,
507 2907 569 2950 non
583 2891 631 2951 vis
647 2891 735 2952 eitius
750 2889 917 2966 progredie

105 2970 195 3044 Vide,
206 2987 245 3030 ne
261 2971 374 3032 dolone
389 2974 501 3034 collum
517 2990 720 3050 compungam
735 2974 798 3035 tibi.

104 3052 278 3128 Respondit
292 3054 357 3115 illm
386 3055 497 3117 Verbis
512 3075 575 3119 non
590 3073 717 3118 moveor
731 3057 805 3124 tuis;

106 3133 170 3195 Sed
184 3137 276 3197 istum
290 3138 392 3210 timeo,
407 3140 483 3211 sella
499 3141 551 3215 qui
566 3142 665 3216 prima
679 3141 793 3198 sedens
1033 3150 1049 3200 5

104 3217 215 3293 Jugum
229 3217 351 3296 flagello
368 3225 515 3293 temperet
527 3224 608 3281 lento
624 3236 724 3280 meum

104 3301 143 3361 Et
157 3317 211 3362 ora
225 3303 319 3364 irenis
334 3302 468 3363 continet
482 3302 706 3378 spumantibus.

105 3383 298 3462 Quapropter
312 3387 399 3448 aufer
413 3386 551 3448 frivolam
566 3385 775 3457 insolentiam
