2326 3810
138 186 180 249 oc
394 182 567 245 nmmum
587 180 858 290 examinum

138 339 281 402 Mercede
295 342 424 413 accepta
438 334 561 397 taudem
574 336 723 397 victonmr
737 333 862 398 canens.
944 334 947 343 '
1075 344 1094 400 5
1112 369 1115 375 ·

139 425 206 484 Hoc
220 437 332 498 genere
347 427 495 496 quaestus
509 425 674 496 postquam
688 421 827 495 locuples
842 421 940 482 tactus
956 428 1012 495 est,

138 506 252 568 Redire
265 505 296 565 in
311 505 440 582 patriam
452 505 550 565 votuit
563 518 657 563 cursu
670 503 808 578 pelagio;

139 591 225 664 (Erat
238 595 340 650 autem
352 595 453 663 natus,
467 587 607 661 ut-ajunt,
623 586 655 645 in
670 586 730 646 cea
744 584 872 663 insutas)
939 586 942 591 ’

140 674 289 735 Ascendit
302 688 422 746 navem,
437 687 528 747 quam
543 676 713 745 tempestas
724 671 850 731 horrida

141 757 238 818 Simul
252 764 282 818 et
294 762 432 817 vetustas
447 754 549 815 media
566 754 708 814 dissolvit
721 750 806 814 mari.
1058 765 1093 819 10

101 861 106 868 ·
139 842 178 901 Hi
193 856 298 915 zonas,
314 840 356 899 itti
370 854 420 899 res
436 838 589 919 pretiosas
605 838 759 912 coliigunt,

111 938 118 953 ·
141 924 317 985 Subsidium
330 924 422 984 vitae.
458 922 586 997 Quidam
600 922 765 982 curiosior:

141 1007 307 1083 Simonide,
321 1014 355 1069 tu
368 1023 408 1068 ex
422 1006 533 1083 opibus
548 1005 589 1064 nit
605 1006 701 1065 sumis
716 1006 797 1067 tuist

138 1091 268 1165 Mecum,
283 1090 388 1168 inquit,
402 1107 472 1150 mea
487 1094 557 1150 sunt
571 1095 688 1148 cuncta.
723 1085 806 1150 'tunc
820 1090 911 1167 pauci
925 1096 1058 1159 enatant,

81 1232 84 1237 4
140 1175 217 1250 Quia
229 1176 333 1252 piures
349 1190 442 1236 onere
456 1172 613 1248 degravati
627 1172 789 1248 perierant.
1059 1182 1091 1234 15

138 1257 315 1319 Praedones
330 1258 450 1331 adsunt,
464 1255 594 1332 rapiunt,
609 1256 693 1331 quod
708 1258 841 1333 quisque
856 1259 970 1332 extulit,

139 1341 245 1402 Nudos
259 1342 442 1418 relinquunt.
479 1339 570 1400 Forte
585 1339 785 1401 Clazomenae
798 1357 898 1418 propo
965 1376 968 1380 -
1032 1360 1037 1411 ;

139 1425 275 1499 Antiqua
289 1425 344 1485 tuit
358 1424 440 1499 urbs,
457 1440 548 1500 quam
563 1424 713 1499 petierunt
726 1426 875 1501 naufragi.

139 1505 196 1567 Hic
210 1509 376 1570 litterarum
391 1508 515 1586 quidam
529 1507 631 1568 studio
646 1508 777 1583 deditus,

140 1591 306 1654 Simonidis
322 1593 374 1671 qui
389 1608 483 1669 saepe
499 1607 608 1652 versus
622 1592 745 1666 tegerat·

138 1675 272 1753 Eratque
286 1678 422 1755 absentis
437 1676 602 1737 admirator
615 1677 776 1752 maximus,

139 1758 289 1844 Sermone
302 1762 340 1821 ab
355 1762 426 1837 ipso
441 1760 593 1836 cognitum
608 1760 808 1835 cupidissime

138 1843 190 1902 Ad
204 1859 238 1903 se
252 1846 381 1920 recepit;
407 1851 501 1918 veste,
516 1844 655 1917 nummis,
670 1843 784 1904 tamitia

138 1925 300 1986 Hominem
314 1928 482 1990 exornavit.
518 1927 615 1986 Ceteri
628 1926 761 1997 tabulam
776 1943 864 1988 suam

138 2009 262 2070 Portant
273 2018 418 2086 rogantes
433 2011 555 2070 victum.
591 2009 673 2083 Quos
688 2026 763 2072 casu
778 2010 888 2072 obvios
1051 2016 1085 2067 25

139 2091 313 2155 Simonides
327 2101 360 2156 ut
377 2094 465 2155 vidit:
487 2090 567 2166 Dixi,
582 2091 688 2168 inquit,
703 2109 772 2155 mea

136 2174 256 2238 Mecum
271 2193 343 2240 esse
357 2184 481 2250 cuncta,
503 2192 562 2237 vos
577 2177 661 2251 quod
675 2179 829 2257 rapuistis,
844 2175 932 2257 perit.

461 2311 637 2374 FABULA
658 2318 756 2375 XXIII.
937 2336 941 2343 ·

380 2409 505 2473 itatis
533 2409 837 2476 inurbanius
857 2444 878 2453 ··
903 2442 906 2449 ·
945 2444 949 2453 ·

174 2515 264 2575 Mons
279 2512 455 2590 parturibat,
470 2512 599 2587 gemitus
614 2513 761 2574 immanes
775 2508 869 2585 cie'ns,

133 2599 268 2674 Eratque
282 2597 312 2657 in
329 2596 418 2659 terris
432 2597 566 2656 maxima
580 2597 780 2672 exspectatio.

133 2685 174 2744 At
189 2683 239 2742 itte
253 2698 370 2743 murem
383 2681 512 2759 peperit.
545 2679 613 2742 Hoc
627 2681 774 2758 seriptum
787 2677 910 2752 esttibi,

134 2765 198 2840 Qui,
214 2783 324 2843 magna
340 2783 433 2844 quum
447 2765 580 2839 minaris,
598 2765 730 2826 extricas
745 2764 829 2826 nihil.
949 2777 955 2783 ·

458 2900 635 2959 FABULA
654 2900 753 2955 XX1V.

364 2994 571 3060 naamon
600 2996 656 3059 Et
684 2994 848 3058 MUSGA.

173 3095 312 3157 Formica
326 3103 356 3158 et
369 3114 476 3160 musca
490 3099 715 3161 contendebant
728 3099 845 3174 acriter,

133 3177 216 3252 Quae
230 3181 325 3252 pluris
341 3189 432 3243 esset.
467 3183 575 3245 Musca
588 3184 634 3246 sic
649 3185 751 3261 coepit
764 3183 862 3260 pnon

132 3260 277 3321 conterre
291 3266 404 3326 nostris
418 3273 450 3326 tu
465 3275 554 3343 potes
568 3275 598 3329 te
613 3269 777 3330 laudibusr

130 3343 189 3404 Ubi
203 3344 381 3422 immolatur,
397 3355 468 3409 exta
481 3361 646 3428 praegusto
663 3353 771 3424 decim3

130 3427 418 3506 Mororinteraras,
434 3436 712 3513 temptaperlustro
728 3433 839 3501 omnia
1069 3442 1086 3490 ³
