2326 3810
102 190 143 255 lo
357 187 529 253 PHAEDRI
549 186 790 250 FABULARUM

100 346 232 421 imponit
246 359 344 420 osque
358 308 461 418 lingue
474 339 576 416 coepit
590 339 732 401 lambere.
810 343 813 347 ’
931 349 934 354 ·

100 430 289 503 vestemque
303 424 405 488 leodis
419 426 565 486 scindens
579 424 700 498 ungulis
715 420 801 498 puni

100 513 214 571 Herum
229 512 341 588 saligni,
359 511 449 572 sutile
462 508 605 580 blandus,
621 507 769 582 pondere.

102 595 240 656 Clamore
255 595 369 655 domini
384 593 550 654 concitatur
563 590 687 650 familia.

100 677 271 754 Fusiesque
285 685 315 739 et
328 677 449 754 lapides
462 674 580 752 passim
594 675 744 748 arripiens
759 673 869 735 obvios

100 762 271 823 Rudentem
284 763 404 835 mulcal,
420 765 451 820 ei
465 756 629 818 confractis
644 756 775 817 debilem

100 845 245 906 Membris
261 845 417 919 costisque
432 839 540 918 dejicit
551 841 591 900 ud
605 841 778 917 praesepia.
892 850 895 855 ’

142 927 274 1002 Fabella„
291 929 412 1005 ineptus
426 942 466 986 ne
480 941 516 986 se
530 923 633 984 invitis
648 923 774 998 ingeret,

100 1010 236 1073 Melioris
250 1019 302 1073 eui
316 1011 438 1072 affectet
451 1008 595 1083 officium,
611 1007 711 1068 docet.

453 1177 631 1234 FABULA
651 1177 687 1232 X.

300 1283 407 1387 (liliis,
431 1282 578 1350 coublx
597 1284 647 1350 iil
667 1279 851 1364 nomios.
997 1295 1001 1303 ·

143 1417 267 1479 Foedus
279 1416 399 1492 juratae
413 1433 486 1493 grus
501 1425 531 1479 et
545 1419 652 1480 cornix
663 1417 837 1493 junxerunt,
897 1432 900 1437 ·

104 1500 263 1561 cornicem
276 1516 350 1575 grus
365 1500 403 1560 ob
419 1500 527 1563 evibus
541 1504 575 1563 ut
588 1501 776 1573 defenderet,

104 1584 239 1660 Gruique
253 1585 361 1645 cornix
375 1585 475 1646 iulum
486 1593 520 1647 ui
533 1585 733 1662 praediceret.

105 1667 188 1742 Quae
203 1683 296 1743 quum
310 1668 485 1742 frequenter
499 1670 540 1730 nd
554 1669 716 1744 enjusdam
729 1664 835 1729 melici
892 1705 894 1711 -

103 1753 219 1826 Agrum
232 1751 372 1812 volarent
384 1758 475 1826 atque
490 1753 655 1813 evellerent
668 1756 736 1815 seio

103 1833 270 1909 Redimens,
284 1834 349 1909 egri
363 1834 504 1897 domiuus
519 1836 603 1909 vidit,
619 1842 650 1896 el
664 1835 788 1916 dolensi
866 1850 869 1855 ·

103 1916 190 1990 Puer,
207 1933 315 1978 saxrun
329 1917 377 1993 da,
393 1919 510 1993 clemel,
527 1935 588 1994 quo
604 1919 710 1978 seriem
723 1931 837 1991 gruem.

105 1999 218 2060 Cornix
231 2007 263 2060 ut
276 2000 369 2072 audii,
385 2001 465 2061 illico
480 2016 586 2077 gruem
599 2006 711 2072 mouet,

105 2082 170 2143 Sibi
186 2098 265 2158 quae
280 2085 369 2144 cavit.
396 2085 467 2144 Alie
480 2085 551 2145 dein
565 2086 616 2150 die
629 2082 759 2144 audieus

106 2167 218 2227 Cornix
230 2172 381 2242 petentem
396 2183 513 2242 sexum,
530 2166 715 2230 commonuit
728 2176 833 2242 gruem

104 2250 224 2324 lterum,
239 2256 272 2310 ut
285 2250 394 2312 vitaret
408 2251 517 2313 sedulo
531 2251 710 2328 periculum.
787 2258 791 2266 ·

104 2336 203 2393 Avem
218 2331 351 2394 divinam
365 2335 540 2410 suspicatus
554 2337 687 2396 rusticus

105 2416 221 2474 Audire
232 2416 322 2490 jussa
335 2434 448 2492 puero:
478 2417 520 2491 Si,
536 2419 641 2494 inquit,
658 2417 775 2490 dixero,

106 2496 205 2557 Offem
219 2498 268 2570 da„
284 2499 417 2573 lapidem
430 2506 464 2559 tu
477 2500 550 2559 mihi
565 2502 643 2560 ciam
656 2500 788 2576 porrige.

106 2580 184 2641 Grus
198 2580 296 2652 venit;
312 2581 363 2641 ille
376 2596 505 2657 puerum
519 2580 612 2643 eliam
623 2582 717 2658 iussit
727 2585 812 2645 dere.

105 2664 146 2723 At
159 2663 209 2724 hie
223 2665 361 2740 porrexit
373 2665 516 2741 lapidem,
533 2680 595 2742 quo
610 2680 714 2742 gruem
730 2667 799 2727 ierit

104 2746 143 2806 Ei
157 2762 245 2808 crura
260 2749 378 2824 frangit.
405 2751 571 2811 Vulnerata
584 2766 658 2826 grue
672 2749 728 2810 aila
780 2763 783 2767 ·

105 2829 215 2891 Divina
230 2832 344 2906 cornix,
359 2832 412 2893 ubi
424 2849 506 2894 nuno
520 2835 748 2909 euspioie'tuo‘l

107 2913 166 2975 Cur
180 2932 241 2977 non
256 2932 380 2977 monere
394 2916 520 2988 socium,
536 2917 621 2990 quod
632 2916 802 2990 juraveras,

105 2997 287 3075 Properasti,
304 3001 365 3062 tale
379 3014 418 3060 ne
431 2998 504 3058 inihi
519 2999 637 3060 veniret
648 2999 783 3061 malum?

32 3117 37 3124 ι
103 3081 277 3157 Respondit
290 3084 355 3143 illa:
383 3083 451 3142 Nou
465 3088 596 3142 meretur
610 3099 660 3143 ars
674 3092 743 3143 mee

57 3173 59 3177 ⁴
106 3165 243 3239 culperi3
260 3168 316 3227 sed
328 3167 439 3227 dolosa
452 3173 523 3228 suni
536 3166 716 3242 bilinguium

106 3246 248 3319 Consilia,
265 3249 316 3324 qui
330 3251 414 3312 eliud
428 3251 532 3312 dicuni
545 3257 638 3327 utque
650 3250 734 3311 aliud
749 3253 851 3324 egunt.

145 3329 307 3391 Promissis
323 3333 435 3394 ducunt
450 3336 502 3409 qui
515 3335 671 3412 imperitos
686 3332 834 3406 subdolis,

104 3412 178 3476 Mox
192 3413 271 3474 fietis
286 3416 389 3477 causis
403 3417 487 3481 houd
500 3419 651 3480 desistunt
663 3418 780 3479 ludere.

1002 685 1055 775 *2⁰
