2326 3810
385 175 412 239 J
457 173 631 235 'LIBERL

83 323 175 383 Gravi
191 322 383 398 destringunt
395 323 474 384 ullos
489 325 672 384 contumelia

82 406 121 466 Et
135 406 194 466 sibi
207 407 352 467 nocivum
367 408 519 481 concitant
532 408 711 482 periculum.

121 490 246 550 Asellus
257 506 333 571 apro
350 507 444 566 quum
459 490 569 550 luisset
583 489 710 550 obvius=

82 570 184 646 Solve,
199 573 298 650 inquit
310 574 411 634 irater.
439 571 494 633 Ille
508 573 670 648 indignans
684 571 826 647 repudiat
1009 577 1026 626 5

81 653 224 716 Officium
238 661 269 716 et
283 657 408 732 quaerit,
425 672 479 718 cur
493 656 539 716 sic
553 656 671 716 mentiri
684 656 767 716 velit.

80 737 198 800 Asinus
214 738 349 800 demisso
364 755 458 815 pene:
488 736 623 799 Similem
637 739 664 798 si
678 753 774 814 negas

80 819 147 880 Tibi
161 837 210 882 me
225 837 305 897 esse,
320 829 402 882 certe
417 822 515 882 simile
529 829 577 882 est
586 822 649 886 'hoo
664 829 764 885 rostro
779 826 842 882 tuo.

79 905 174 980 Aper,
189 921 282 981 quum
294 905 388 965 vellet
401 900 502 964 lacere
513 905 697 980 generosum
706 906 861 981 impetum,

79 987 241 1063 Repressit
253 989 328 1048 iram
343 993 387 1048 etz
415 987 525 1047 Facilis
542 987 676 1047 vindicta
690 995 738 1049 est
750 982 833 1060 mihi,
994 996 1027 1047 to

80 1068 144 1130 Sed
158 1071 310 1148 inquinari
324 1072 395 1133 nolo
411 1071 523 1146 ignavo
539 1069 697 1146 sanguine.
760 1110 763 1115 -

400 1205 578 1264 nasuta
599 1207 709 1264 xxxn.
788 1183 790 1187 ’

153 1299 282 1362 unuln
303 1298 530 1363 lluruenrns
550 1300 760 1364 rnunouult
780 1296 950 1365 rucuma.
1011 1379 1014 1383 ,

119 1401 257 1463 Humiles
271 1401 418 1478 laborant,
432 1402 484 1463 ubi
498 1409 640 1478 potentes
655 1402 815 1464 dissident·
866 1400 869 1406 '

78 1485 167 1544 Rana
179 1485 210 1550 in
224 1485 339 1561 palude
353 1502 487 1562 pugnam
501 1494 657 1547 taurorum
671 1487 809 1550 intuens:
842 1518 848 1526 -

78 1567 148 1628 Heu
162 1574 275 1644 quanta
287 1568 376 1629 nobis
390 1571 483 1630 instat
495 1570 662 1646 pernicies!
680 1570 731 1649 ait.
950 1568 952 1572 '

78 1650 269 1731 Interrogata
282 1651 320 1712 ab
336 1652 403 1725 alio,
420 1652 548 1727 ourhoc
563 1652 686 1725 diceret,

79 1733 126 1794 De
139 1734 312 1810 principatu
326 1750 418 1811 quum
432 1735 474 1794 illi
489 1739 638 1795 certarent
652 1734 753 1810 gregis
850 1757 854 1762 ⁷

78 1817 247 1894 Longeque
261 1818 299 1877 ab
315 1818 392 1894 ipsis
408 1816 553 1894 degerent
566 1819 659 1878 vitam
672 1818 787 1880 boves:
900 1814 904 1819 ’

78 1899 135 1961 Est
149 1901 239 1962 statio
253 1908 396 1976 separata
410 1918 447 1962 ac
461 1902 616 1964 diversum
630 1918 744 1978 genus;

81 1982 145 2044 Sed
159 1985 268 2059 pulsus
281 2001 376 2060 regno
392 1987 526 2047 nemoris
541 1987 593 2063 qui
608 1987 787 2063 profugerit,

78 2065 203 2128 Paludis
218 2068 249 2127 in
264 2075 383 2129 secreta
395 2071 498 2130 veniet
511 2071 636 2132 latibula

78 2148 118 2209 Et
130 2151 323 2225 proculcatas
338 2151 455 2214 obteret
469 2153 545 2214 duro
562 2155 652 2229 pede.
995 2163 1027 2214 lo

79 2232 125 2293 lta
139 2240 231 2310 caput
244 2235 284 2296 ad
298 2242 435 2296 nostmm
449 2237 534 2297 furor
548 2237 668 2296 illorum
682 2236 820 2311 pertinet.

311 2397 315 2407 ·
391 2368 569 2426 FABULA
588 2368 711 2426 XXXIII.

285 2515 294 2536 ,
324 2463 533 2528 munster
554 2462 766 2528 cOLmtBnu.
823 2532 831 2539 ,

122 2562 178 2636 Qui
192 2578 227 2624 se
242 2565 398 2626 committit
411 2566 525 2628 homini
538 2570 698 2630 tutandum
711 2566 860 2647 improbo,
966 2600 973 2611 ·

78 2645 204 2707 Auxilia
217 2646 290 2708 dum
302 2650 438 2726 requirit,
454 2652 579 2712 exitium
593 2653 717 2730 invenit.

121 2728 287 2792 Columbae
301 2748 397 2808 saepe
411 2751 504 2810 quum
518 2735 669 2809 lugissent
683 2735 808 2796 miluum

78 2812 117 2872 Et
130 2813 282 2875 celeritate
296 2831 416 2891 pennae
429 2817 578 2878 vitassent
591 2834 706 2891 necem,
862 2818 864 2823 ’

80 2894 246 2956 consilinm
259 2905 363 2974 raptor
376 2901 466 2978 vertit
479 2900 520 2961 ad
531 2901 682 2962 fallaciam

78 2978 117 3039 Et
130 2995 227 3054 genus
243 2981 357 3042 inenne
370 2983 423 3043 tali
437 2983 559 3061 decepit
572 2985 664 3047 dolo:

79 3061 179 3136 Quare
193 3063 356 3126 sollicitum
370 3067 472 3140 potius
488 3084 598 3132 aevom
611 3068 732 3140 ducitis,

79 3145 176 3220 Quam
188 3162 292 3223 regem
305 3163 355 3207 me
369 3150 479 3210 creatis
494 3151 554 3212 icto
570 3151 703 3224 loedere,
753 3167 756 3173 ·

79 3228 137 3303 Qui
149 3245 209 3292 vos
224 3231 262 3291 ab
277 3231 359 3292 omni
373 3237 453 3292 tutas
467 3229 622 3308 praestem'
635 3230 769 3306 injuriat

77 3311 152 3374 Illae
166 3314 326 3377 credentes
338 3315 462 3376 tradunt
475 3331 547 3376 sese
560 3317 670 3387 milu03
995 3326 1028 3377 ιο

79 3395 135 3470 Qui
149 3413 277 3474 regnum
292 3399 423 3478 adeptus
439 3399 543 3478 coepit
554 3399 641 3462 vesci
655 3398 800 3478 singrdas,
