2326 3810
425 184 662 249 10010Νο1111.
696 220 739 228 ···

323 298 326 303 ⁴
360 324 570 400 'unauna
590 342 675 397 xxrr.
742 305 746 310 ⁴

327 437 474 502 Piston
492 437 542 500 ltu
564 435 739 499 aarum

105 543 153 600 Nil
167 549 215 604 est
228 542 380 603 occultum
394 540 483 617 quod
493 555 555 600 noa
570 536 821 601 manifestabitur.

61 625 171 686 Pastor
186 627 323 702 capellae
337 640 432 686 cornu
444 623 555 683 baculo
572 623 718 697 fregerat:

63 709 185 785 Rogare
200 710 311 786 coepit
325 726 364 770 no
379 724 414 770 so
429 707 553 768 domino
568 706 723 783 proderet.

63 792 207 865 Quamvis
222 794 347 869 indigne
361 794 455 866 laesa,
469 791 604 852 reticebo
618 796 735 862 tamem

62 875 126 936 Sed
139 892 190 937 res
206 876 347 937 clamabit
361 876 439 952 ipsa
454 874 529 949 quid
543 874 720 950 deliqueris.

389 994 564 1054 FABULA
583 993 679 1050 xxul.

312 1088 479 1151 SERPENS
501 1088 551 1153 ul
570 1088 755 1151 medula.

101 1192 213 1251 Pellem
228 1190 321 1251 indue
335 1191 447 1268 volpis,
463 1189 515 1251 ubi
529 1190 629 1251 leonis
644 1189 756 1253 deficit.

61 1275 195 1350 Serpens
210 1275 354 1334 lacertam
368 1275 446 1335 sorte
460 1274 623 1335 adversam
637 1275 815 1351 prenderat;

61 1358 156 1431 Quam
172 1359 323 1420 devorare
336 1360 441 1434 patula
456 1374 550 1433 quum
564 1359 657 1418 vellet
670 1360 751 1434 gula,

59 1442 198 1518 Arripuit
210 1442 263 1502 illa
275 1456 374 1518 prope
385 1442 540 1518 jacentem
556 1443 719 1516 surculum,

58 1525 96 1585 Et
110 1526 256 1601 pertinaci
271 1542 376 1587 morsu
389 1533 599 1587 transversum
612 1533 729 1601 tenens,

59 1609 194 1669 Avidum
209 1609 324 1670 sollerti
338 1609 446 1670 rictum
461 1610 591 1670 lrerlavit
603 1625 699 1668 mora.

58 1691 206 1752 Praedam
221 1693 335 1753 dimisit
349 1708 403 1753 ore
418 1708 547 1768 serpens
562 1693 685 1751 irritam.

386 1811 564 1870 FABULA
582 1811 683 1867 XXIV.
710 1839 713 1845 ·
781 1828 790 1841 ⁸

332 1906 513 1999 cornix
538 1903 596 1970 ur
617 1903 733 1969 ovrs.

101 2009 217 2071 Odiosa
231 2011 338 2073 cornix
352 2025 447 2087 super
461 2024 552 2070 ovem
567 2008 765 2077 consederam

58 2094 153 2167 Quam
167 2094 262 2154 dorso
277 2110 370 2168 quum
384 2093 504 2154 tulisset
517 2093 612 2153 invita
626 2101 656 2152 ct
669 2092 737 2154 diu:

56 2178 132 2247 1100,
149 2177 255 2250 inquit,
272 2176 299 2235 si
314 2174 438 2236 dentato
453 2176 583 2235 fecisses
599 2176 676 2246 cani,

56 2261 176 2321 Poenas
192 2259 344 2320 dedisses.
372 2258 428 2317 illa
441 2265 548 2317 contra
561 2257 713 2332 pessima:

56 2343 201 2418 Despicio
217 2344 358 2414 inermes,
373 2340 484 2402 eadem
498 2339 576 2400 cedo
592 2339 741 2414 fortibus3

58 2427 128 2486 Scio
146 2443 236 2502 quem
250 2427 412 2497 lacessam,
428 2425 477 2484 cui
492 2424 603 2486 dolosa
616 2423 772 2498 blanditam

56 2512 130 2570 ldeo
146 2516 301 2572 senectam
314 2509 430 2570 milein
445 2524 544 2570 annos
558 2523 703 2585 prorogo.
862 2509 866 2513 “

98 2595 152 2655 His
168 2595 219 2669 qui
233 2596 389 2656 lacessunt
401 2595 580 2655 innocentes
594 2594 698 2667 infimi,

55 2679 179 2740 Vexare
193 2680 287 2741 sortes
302 2685 446 2750 metuunt,
462 2679 578 2754 scripta
592 2685 640 2737 est
654 2679 765 2737 sabula.

384 2797 562 2853 FABULA
583 2797 671 2852 XXV.

284 2935 288 2941 -
319 2893 465 2956 SERVUS
485 2892 535 2955 ET
555 2892 737 2956 Domitius,

98 2994 193 3067 Quum
209 3008 319 3054 servus
334 3010 466 3069 nequam
481 2993 599 3058 Socrati
613 2995 816 3066 malediceret,

54 3079 189 3139 Uxorem
205 3076 319 3137 domini
335 3077 387 3152 qui
402 3079 592 3155 corrupisset
604 3079 662 3152 sui,

54 3163 153 3238 idque
168 3161 218 3220 ille
232 3160 326 3222 sciret
338 3168 443 3223 notum
458 3160 740 3223 circumstantibus:

54 3245 160 3306 Places
174 3245 236 3318 tibi,
252 3243 358 3320 inquit,
374 3245 447 3320 quia
462 3246 511 3307 cui
526 3259 588 3307 non
602 3245 699 3306 debes
713 3246 836 3320 placem

56 3328 118 3389 Sed
133 3347 194 3390 non
209 3330 341 3404 impune,
359 3328 431 3404 quia
445 3330 495 3389 oui
509 3327 605 3388 debes
620 3345 682 3389 noa
697 3330 812 3405 places.

96 3412 291 3475 Maledictum
304 3413 419 3476 nullum
434 3420 482 3474 est
495 3413 620 3490 gravius
634 3410 830 3478 conscientia.
