2326 3810
444 189 637 255 meatuum
657 190 695 251 ll.
774 207 778 219 ·

96 346 236 421 Vulpem,
252 341 395 420 legitimis
403 348 443 405 'ut
455 341 599 405 consedit
612 343 643 403 in
652 344 743 415 toris,

95 428 281 490 Scarabeum
294 428 372 489 vidit
385 433 600 503 prorepentem
613 443 652 490 ex
669 427 782 501 angulo

94 512 266 587 Notumque
280 512 320 571 ad
335 512 482 589 praedam
495 509 589 574 aeleri
604 509 863 584 prosituitmauu.

94 596 205 672 Superi
219 596 324 669 risere,
340 610 469 671 magnus
483 593 602 658 erubuit
616 605 704 670 pater
750 661 752 664 ,

95 681 287 755 Vulpemque
299 680 492 757 repudiatam
505 678 647 741 thalamis
663 677 779 753 expulit

94 764 148 823 His
164 769 387 839 prosequutus:
409 763 498 835 Vive,
514 770 574 837 quo
590 761 684 836 digna
697 776 741 834 es,
758 761 862 833 modo;

95 847 170 920 Quia
185 846 277 921 digna
291 846 405 907 nostris
419 845 533 905 meritis
549 859 621 905 esse
636 861 697 905 non
711 851 811 924 potes.

338 976 340 987 ’
419 980 619 1037 ·FABULA
639 983 687 1038 lv.

372 1072 473 1141 ulto
521 1075 585 1139 ΕΤ
633 1075 756 1139 MUS.

135 1181 180 1241 Ne
195 1180 262 1254 quis
278 1178 411 1239 minores
427 1177 537 1248 laedat,
555 1175 656 1236 tabula
670 1177 748 1239 haee
762 1183 875 1237 monet.

95 1259 197 1324 Leone
211 1263 242 1321 in
257 1263 335 1321 silva
350 1260 520 1321 dormiente
534 1261 640 1323 rustici

94 1345 339 1408 luxuriabantur
352 1359 465 1405 mures.
493 1344 581 1404 Unus
593 1359 613 1404 e
626 1360 722 1420 grege

96 1431 196 1506 Super
210 1429 370 1490 cubantem
385 1443 461 1489 easu
476 1427 610 1502 quodam
624 1429 752 1504 transiit,
774 1435 777 1440 “

94 1514 335 1591 Expergelaatus
352 1527 442 1586 quem
455 1511 505 1573 leo
521 1511 613 1573 aeleri
628 1512 742 1589 impetu

95 1598 239 1673 Arripuit.
267 1597 397 1656 Veniam
411 1594 470 1659 sibi
484 1595 551 1655 dari
565 1602 654 1668 rogat
667 1596 768 1668 miser,

96 1682 215 1741 Crimen
230 1681 340 1740 fatetur
354 1684 513 1753 peceatum
527 1677 757 1753 imprudentiae.

93 1766 161 1826 Hoc·
174 1780 230 1824 rex
244 1764 350 1824 uleisei
364 1761 531 1837 gloriosum
546 1776 608 1823 non
622 1768 734 1836 putans

94 1850 216 1924 Ignovit
229 1855 260 1910 et
275 1846 397 1913 dimisit.
425 1845 499 1907 Post
512 1859 632 1919 paucos
648 1845 715 1907 dies

94 1933 167 2011 Leo,
184 1933 256 1994 dum
271 1935 513 2008 vagamrnoetu,
528 1929 560 1990 in
575 1930 696 1989 foveam
709 1930 834 1992 desidit.
1014 1941 1046 1995 10

96 2017 222 2092 Captum
237 2023 268 2075 ut
282 2032 317 2076 se
331 2012 457 2090 agnovit
469 2013 599 2089 laqueis,
617 2028 695 2075 vooe
708 2015 841 2077 maxime
979 2028 984 2037 ·
1027 2030 1032 2039 ·

94 2101 207 2174 Rugire
222 2100 339 2174 saepiu
355 2098 444 2172 eujus
459 2097 500 2158 ad
514 2098 675 2156 immanem
689 2114 800 2158 sonum

94 2184 164 2242 Mus
179 2182 278 2242 subito
294 2195 472 2241 accurrens:
494 2179 562 2265 Non
577 2185 632 2251 est,
650 2182 733 2253 quod
748 2182 864 2254 timeas
882 2183 940 2251 ait;

94 2266 249 2328 Beneficio
265 2279 376 2339 magno
391 2262 517 2338 gratiam
532 2261 660 2320 reddam
674 2270 789 2337 parem.
831 2290 835 2297 ’

20 2347 26 2356 ’
96 2349 192 2411 Simul
207 2351 275 2425 eius
290 2354 373 2409 artus
389 2345 536 2418 lustravit,
550 2343 623 2405 retis
637 2346 707 2406 laea
1011 2357 1044 2408 15

69 2476 76 2491 t
96 2435 246 2509 cognovit
260 2432 427 2504 erodentia,
442 2436 472 2490 et
486 2429 550 2490 oris
565 2430 705 2504 protinus

95 2518 245 2577 Laborem
260 2531 385 2578 sumens
400 2529 514 2601 nervos
530 2513 633 2588 eoepit
647 2514 789 2577 dentibus

96 2600 208 2661 Seeare
223 2608 253 2662 et
267 2608 349 2663 artus
364 2601 469 2662 laxare
483 2598 614 2673 ingentis
629 2599 695 2658 leri.
713 2654 717 2662 .

96 2685 147 2745 Sia
162 2693 281 2761 eaptum
296 2701 364 2746 mus
378 2686 499 2745 leonem
513 2681 600 2743 silvis
615 2682 758 2741 reddidit.

450 2819 625 2879 FABULA
644 2821 681 2873 V.

356 2913 461 2979 ltus
509 2912 573 2978 ΕΤ
619 2914 782 2983 aaut.

136 3019 214 3092 Mus,
229 3031 289 3092 quo
304 3018 434 3077 transite
447 3029 556 3093 posset
569 3016 684 3080 flumen
699 3016 827 3085 lacinus,

94 3102 249 3164 Auxilium
263 3114 356 3158 ranae
370 3101 464 3175 petiit.
492 3102 576 3180 llaec
590 3101 684 3162 muris
698 3099 810 3174 pedem

95 3187 170 3248 Lino
185 3185 319 3262 priorem
333 3197 402 3243 erus
417 3183 459 3242 ad
472 3185 627 3259 posterius
643 3182 702 3242 sibi

98 3270 223 3344 ligavit.
251 3266 352 3328 Ambo
367 3266 413 3326 sla
428 3273 533 3326 natare
547 3270 725 3341 coeperunt.

96 3354 129 3412 ln
144 3354 245 3413 medio
262 3367 335 3412 vero
349 3366 426 3410 rana
439 3351 584 3410 deorsum
599 3349 725 3409 hmine
1026 3357 1044 3408 a

96 3437 138 3497 Se
152 3437 264 3510 mersit,
280 3436 356 3496 muri
371 3442 403 3500 ut
415 3435 509 3497 vitam
523 3434 655 3510 eriperet
668 3433 796 3508 pernae.
825 3517 839 3551 t

797 3542 816 3574 ’ὁ
