2326 3810
241 271 283 323 ,1
510 195 626 257 LIBER
640 195 663 256 l.

113 344 235 420 ingrata
248 359 293 420 es,
308 326 415 421 induit,
431 359 484 407 ore
500 340 580 423 qu'ae
592 355 700 408 nostro
714 347 807 425 caput

113 427 270 491 Incolume
288 428 451 490 abstuleris
467 437 498 491 et
510 431 688 491 mercedem.
697 433 848 507 postules.

463 548 643 624 unauna
662 567 710 624 m.
740 596 744 605 -

237 657 381 723 rnssnn
400 660 452 722 nn
472 660 650 725 neroum
670 625 933 726 consumma
1005 652 1008 656 ’

155 764 220 826 Sibi
233 779 295 825 non
310 779 420 824 cavere
434 767 465 823 et
479 762 547 822 aliis
561 763 723 843 consilium
738 762 813 823 dare
927 772 930 779 ’

112 847 244 925 Stultum
257 862 329 907 esse
342 847 451 922 paucls
466 843 665 907 ostendamus
681 845 833 907 versibus.
854 858 858 863 ’

155 929 346 1007 Oppressum
359 928 399 988 ab
414 928 518 1004 aquila
531 923 668 989 et'lletus
681 930 822 990 edentem
835 944 948 1007 graves

110 1013 261 1090 Leporem
276 1011 459 1089 objurgabat
471 1026 597 1088 passer:
624 1011 684 1073 Ubi
698 1012 861 1088 pernicitas

110 1096 198 1172 Nota,
212 1096 318 1186 inquit,
332 1097 385 1155 illa
398 1101 467 1156 esti
495 1093 574 1168 Quid
587 1094 633 1156 ita'
644 1101 805 1156 cessarunt
818 1095 939 1171 podest
1043 1107 1060 1156 o

109 1179 191 1240 Dum
204 1179 346 1254 loquitur,
361 1179 463 1255 ipsum
477 1177 623 1254 accipiter
636 1178 821 1254 necopinum
833 1178 914 1255 repit

112 1261 290 1338 Questuque
303 1277 385 1322 veno
399 1261 603 1321 clamitantem
616 1261 768 1322 interficit.

109 1344 214 1422 Lepus
229 1345 441 1406 semianimuss
469 1344 578 1425 Mortis
592 1359 631 1403 en
645 1344 803 1406 solatium!

111 1426 168 1501 Qui
182 1429 275 1490 modo
289 1443 418 1490 secmus
433 1434 539 1488 nostra
552 1425 708 1489 inridebos
722 1429 811 1504 mala,

111 1509 207 1572 Simili
223 1514 349 1588 querela
362 1513 425 1573 iata
439 1511 583 1588 deploras
598 1517 661 1572 tua
704 1514 706 1518 '
791 1515 816 1524 ''
1027 1521 1059 1571 lo

467 1647 646 1704 uABunA
663 1641 701 1700 X.
748 1643 750 1646 ’

259 1739 376 1803 LUPUS
396 1739 446 1802 ΕΤ
465 1740 607 1803 vulpes
628 1737 763 1820 umlpll
784 1737 900 1802 sllllo.

152 1839 331 1919 Quicunque
345 1841 426 1917 turpi
441 1841 549 1924 froude
564 1842 660 1902 semel
673 1842 811 1918 innotuit,

108 1924 207 1984 Etiam
222 1924 250 1984 si
265 1940 370 1985 verum
384 1925 465 1999 dicit,
480 1925 588 1985 amittit
600 1925 702 1985 iidem.

108 2004 176 2067 Iloc
191 2008 363 2069 adtestatur
376 2008 479 2068 brevis
494 2008 613 2089 Aesopi
628 2008 741 2068 sabula.
797 2012 800 2017 '

151 2090 257 2166 Lupus
272 2091 419 2166 arguebat
432 2093 556 2168 vulpem
572 2092 642 2153 imti
656 2091 797 2161 crimine;

109 2172 248 2248 Negabat
260 2171 361 2234 illalie
376 2189 447 2235 esse
462 2177 572 2251 culpa‘e
586 2174 767 2250 proximam.

106 2253 193 2316 Tunc
203 2255 303 2331 judex
317 2257 479 2318 interillos
496 2258 577 2318 sedit
590 2257 707 2318 simius.

107 2337 244 2416 Uterque
259 2355 384 2400 causam
398 2356 493 2415 quum
507 2344 705 2417 perorassent
718 2354 816 2414 sumn,

107 2421 232 2483 Dixisse
246 2423 341 2483 iertur
355 2423 461 2485 simius
477 2422 672 2484 sententiatos

106 2503 153 2565 Tu
165 2522 227 2565 non
240 2506 356 2567 videris
370 2507 544 2584 perdidisse
559 2508 643 2584 quod
656 2507 753 2584 petis3

95 2584 150 2675 'Te
164 2590 256 2650 credo
272 2590 464 2667 subripuisse
478 2591 562 2669 quod
575 2590 702 2668 pulchre
717 2604 822 2666 negas.
1023 2597 1057 2649 lo

453 2727 476 2784 F
483 2726 635 2784 ABULA-
653 2726 699 2781 XI.

312 2818 450 2884 Aemus
469 2820 520 2883 ΕΤ
539 2820 612 2883 lllo
632 2818 846 2883 vernulus,

148 2920 277 2981 Virtutis
292 2935 405 2997 expers
422 2921 523 2982 verbis
536 2921 657 2997 jactans
671 2922 800 2996 gloriam

106 3003 231 3079 ignotos
245 2999 329 3078 fallit,
345 3005 425 3066 notis
440 3012 489 3066 est
502 3000 628 3087 derisui.

146 3086 260 3146 Veneri
276 3087 372 3147 asello
388 3089 498 3149 comite
513 3105 606 3165 quum
620 3088 713 3147 vellet
727 3089 787 3158 leo,
900 3108 903 3115 ·

105 3167 244 3231 Contexit
257 3169 344 3231 illmn
358 3169 466 3230 frutice
480 3179 511 3232 et
524 3171 681 3232 admonuit
695 3168 795 3241 simul,

103 3251 146 3314 Ut
158 3252 279 3314 insueta
293 3267 372 3315 voce
386 3258 514 3333 terreret
525 3254 617 3327 ieras,

103 3333 267 3411 Fugientes
281 3337 351 3412 ipse
365 3335 530 3410 exciperet.
556 3332 614 3395 llic
626 3333 776 3395 auritulus

106 3416 276 3481 clamorem
291 3419 393 3482 subito
407 3418 479 3481 totls
493 3418 571 3480 tollit
584 3417 700 3480 viribus
