2326 3810
494 170 609 234 LIBER
624 173 674 232 111.
993 236 997 241 ,
1016 172 1057 237 25

113 323 260 399 Idemque
275 322 424 396 insignem
439 321 568 398 pulchra
582 323 659 384 laoie
674 323 777 385 lilium.

112 406 159 480 lli,
176 408 334 481 speculum
348 407 378 464 in
392 406 537 465 cathedra
549 408 654 466 matris
668 414 700 466 ut
711 409 846 483 positum
862 410 924 482 luit,
1077 465 1084 470 .

111 489 269 549 Pueriliter
282 490 420 548 ludentes
436 489 513 556 sorte
527 489 733 566 inspexerunt.
1040 504 1058 556 e

112 572 170 632 Hic
184 588 219 632 se
233 573 401 632 lormosum
412 573 521 646 Jactat=
537 573 588 632 illa
602 574 742 634 irascitur

113 656 175 714 Nec
189 656 345 730 gloriantis
361 657 489 716 sustinet
504 657 605 716 fratris
617 656 720 732 jorna,

112 739 276 814 Accipiens
292 740 405 815 quippe
420 746 528 799 cuncta
541 741 572 798 in
587 742 819 817 contumeliam„

111 822 192 898 Ergo
208 823 248 882 ad
261 830 379 898 patrem
394 823 525 882 decurrit
539 823 660 884 laesura
674 826 805 886 invicem

111 906 282 982 Magnaque
296 906 411 966 invidia
426 906 598 965 criminatur
611 907 713 980 filium,

110 989 167 1057 Vir
180 995 268 1051 natus
284 991 368 1065 quod
382 1006 445 1048 rem
460 985 639 1049 leminaruln
651 991 790 1065 tetigerit.

111 1074 279 1148 Amplexus
294 1075 344 1133 ille
358 1080 517 1149 utrumque
532 1078 562 1132 et
576 1088 705 1148 carpens
721 1075 827 1135 oscula

110 1155 297 1231 Dulcemque
312 1158 342 1216 in
357 1157 464 1217 ambos
478 1157 632 1216 caritatem
647 1158 796 1233 partiens:

111 1239 259 1314 Quotidie,
275 1241 379 1316 inquit,
395 1241 521 1316 speculo
538 1255 595 1300 vos
610 1241 652 1300 uti
667 1242 756 1302 volo=

109 1322 154 1386 Tu
168 1323 295 1383 formam
310 1339 349 1383 nc
363 1338 542 1398 corrumpas
557 1325 710 1399 nequitiae
725 1325 828 1396 malis;
1023 1330 1056 1386 15

109 1402 153 1466 'lu
167 1406 276 1466 laniem
290 1413 322 1468 ut
335 1407 424 1468 istam
438 1407 574 1467 moribus
591 1408 695 1469 vineas
709 1408 810 1469 bouis.

456 1545 633 1602 FABULA
653 1545 702 1605 IX..

361 1637 557 1702 socundus
578 1639 629 1698 AD
650 1637 810 1700 amcos,-

150 1742 284 1817 Vulgare
298 1739 387 1798 amici
401 1753 520 1812 nornen,
536 1739 593 1798 sed
606 1753 676 1797 rara
690 1744 737 1798 cst
751 1738 839 1796 fides.

109 1826 205 1898 Quum
219 1838 332 1900 parvas
346 1822 440 1882 aedes
455 1821 514 1882 sibi
529 1821 688 1883 fundasset
703 1821 854 1893 Socrates,

107 1908 216 1982 (Cujus
230 1920 292 1966 non
306 1906 389 1980 lugio
403 1912 539 1981 mortem,
556 1906 582 1964 si
598 1906 708 1964 lauram
722 1906 886 1979 adsequar,

107 1991 145 2051 ln
159 1991 236 2050 cedo
252 1989 393 2062 invidiae,
410 1989 576 2048 dummodo
592 1988 736 2049 absolvar
749 1988 851 2067 einis,)

106 2073 152 2134 Ex
168 2073 283 2154 populo
299 2072 344 2133 sio
358 2072 463 2132 nescio
480 2073 557 2147 quis,
573 2072 792 2141 utlicrisoletr
1037 2081 1053 2133 5

108 2157 238 2231 Quaeso,
254 2161 315 2216 tam
330 2163 488 2229 angustam
502 2155 571 2215 talis
585 2155 633 2212 vir
647 2156 737 2229 ponis
753 2154 898 2214 domumt
953 2187 956 2197 ι

103 2240 236 2316 Utinam,
252 2239 357 2314 inquit,
373 2238 455 2297 veris
470 2238 550 2296 hauc
564 2237 670 2296 amicis
685 2237 841 2312 impleam!

461 2344 637 2430 unauna
660 2372 695 2426 x.

512 2450 645 2530 roim.

147 2569 354 2628 Periculosum
369 2573 416 2627 cst
430 2568 556 2628 credere
571 2576 600 2629 et
614 2585 675 2628 non
691 2569 829 2628 credere.

105 2652 270 2726 Utriusque
285 2652 458 2725 exemplum
470 2651 603 2712 breviter
616 2666 770 2728 exponam
783 2652 838 2710 rei.

147 2736 334 2810 Hippolytus
350 2734 432 2807 obiit,
450 2735 522 2808 quia
535 2749 688 2794 novercae
702 2735 848 2794 creditum
862 2741 926 2806 esta
989 2731 996 2741 ’

107 2818 298 2878 Cassandrae
314 2817 459 2891 quianon
476 2818 631 2888 ereditur,
647 2818 706 2877 ruit
719 2817 813 2876 llium.

104 2902 186 2976 Ergo
202 2901 391 2976 exploranda
406 2905 453 2960 ast
466 2901 577 2961 veritas
592 2901 725 2976 multum,
740 2902 825 2976 prius
1035 2910 1052 2962 6

106 2984 201 3058 Quem
215 2984 306 3044 stulta
319 2998 414 3058 prave
425 2983 543 3059 judicet
557 2986 716 3045 sententia.

104 3067 169 3128 Sed
184 3067 354 3127 fabulosam
368 3083 408 3126 ne
421 3074 604 3128 vetustatem
618 3071 733 3139 eleves,

104 3150 240 3210 Narrabo
254 3149 308 3209 tibi
323 3150 468 3209 memoria
483 3152 565 3225 quod
582 3152 693 3211 lactum
708 3156 755 3209 cst
768 3162 846 3208 mea.

144 3233 271 3294 Maritus
287 3232 411 3308 quidam
426 3249 517 3306 quum
533 3235 670 3307 diligeret
685 3231 847 3307 conjugem

103 3316 279 3392 Togamque
294 3332 401 3392 puram
415 3315 477 3386 iam
492 3323 613 3391 pararet
626 3316 699 3386 lilio,
952 3322 962 3337 ⁸
1022 3326 1051 3378 ιο

69 3442 74 3449 ,
104 3399 255 3461 Seductus
270 3400 300 3459 in
317 3405 499 3517 secretum'a
513 3399 619 3459 liberto
635 3405 761 3470 astruo,
