2326 3810
388 141 392 145 ’
488 171 605 245 liena
618 182 671 242 1v.
1017 184 1056 252 m

149 333 217 395 Hoc
231 333 291 394 illis
306 333 419 394 dictum
434 338 490 407 est,
507 335 559 409 qul
575 331 699 394 stultitia
712 343 861 397 nauseant
1023 343 1059 395 aa

111 417 154 491 Et
169 425 203 478 ut
217 424 359 493 putentur
373 430 492 493 sapere,
507 417 626 477 caelum
639 416 823 493 vituperant

447 532 628 593 FABULA
647 533 741 589 vni>
765 547 773 553 ·

249 629 417 694 sumnus
437 628 489 693 nu
510 624 667 693 annuum
685 626 918 717 unanimum

149 729 374 792 Mordaciorem
389 731 440 806 qui
454 731 594 807 improbo
609 732 701 792 dente
714 733 839 809 adpetit,
913 741 918 747 ’

108 815 176 876 Hoc
190 820 367 890 argumento
383 829 419 874 se
433 814 567 875 describi
581 815 701 876 sentiat.

151 899 185 957 In
200 898 355 959 cilicinam
369 897 447 957 labri
461 898 546 959 venit
560 899 675 974 vipera.

109 981 193 1042 llaec
208 997 299 1056 quum
315 982 453 1055 tentaret,
469 983 496 1042 si
512 992 636 1063 quares
652 988 736 1043 esset
750 981 819 1057 cibi,

108 1065 224 1127 Limam
238 1065 411 1125 momordit.
439 1065 495 1125 illa
508 1071 615 1126 contra
629 1072 805 1125 contumax:
1039 1076 1058 1128 a

109 1148 261 1222 Qudne,
277 1149 383 1224 inquit,
397 1149 497 1222 'stuta
514 1149 605 1209 dente
622 1154 730 1224 captas
745 1149 876 1225 laedere,
892 1157 895 1163 '

110 1230 205 1295 Omne
219 1232 348 1294 adsuevi
362 1233 475 1293 semum
490 1248 570 1308 quae
584 1233 776 1294 conroderet

383 1343 388 1365 ⁸
459 1352 704 1409 FABULAIX.
761 1373 765 1381 ’

359 1446 532 1527 vunrns
551 1446 607 1509 nr
629 1445 789 1510 otrus.

149 1549 248 1609 Homo
264 1550 294 1610 in
309 1549 455 1626 periclum
470 1549 560 1611 simul
574 1544 708 1617 advenit
722 1549 860 1622 callidus,

107 1632 253 1709 Reperire
268 1632 413 1708 effugium
428 1633 547 1708 quaerit
559 1632 684 1715 alterius
697 1632 787 1693 malo.
813 1687 818 1695 .

151 1716 248 1790 Quum
262 1717 429 1776 decidisset
444 1717 552 1792 vulpes
568 1715 599 1777 in
613 1722 737 1792 puteum
751 1715 848 1776 inscia

107 1799 145 1858 Et
159 1800 266 1860 altiore
280 1800 472 1863 clauderetur
484 1799 630 1876 margine,

106 1882 236 1944 Devenit
250 1885 353 1945 hircus
368 1884 474 1946 sitiens
489 1885 520 1945 in
534 1885 665 1945 eundem
679 1883 795 1955 locmn;
1036 1899 1053 1955 5

108 1965 203 2026 Simul
216 1969 344 2043 rogavit,
360 1976 444 2042 esset
458 1985 496 2029 an
512 1969 610 2032 dulcis
624 1967 725 2048 liquor

104 2049 143 2112 Et
156 2052 325 2130 copiosus?
350 2053 406 2115 llla
420 2053 558 2117 fraudem
572 2056 717 2118 moliens:

106 2135 276 2214 Descende,
292 2139 403 2210 amice3
419 2145 502 2200 tanta
514 2140 635 2203 bonitas
650 2148 699 2202 est
711 2155 819 2216 oquae,
875 2145 878 2148 ’

105 2220 256 2296 Voluptas
271 2229 303 2283 ut
317 2223 421 2283 satiari
435 2239 495 2283 non
510 2225 612 2303 possit
624 2239 702 2284 mea
720 2296 724 2304 .

105 2303 231 2365 Immisit
242 2323 277 2367 se
290 2305 445 2366 barbatus.
473 2307 547 2366 Tum
561 2307 725 2382 vulpecula

104 2386 209 2448 Evasit
223 2397 325 2465 puteo,
340 2391 415 2451 nixa
428 2390 521 2451 celsis
535 2389 689 2467 cornibus,

103 2469 287 2548 Hircumque
302 2475 408 2535 clauso
422 2473 508 2549 liquit
522 2475 697 2556 haerentem
710 2475 803 2537 vado.

460 2595 637 2653 FABULA
656 2596 691 2651 X.

336 2688 561 2753 navitus
582 2688 808 2752 nomino-tn

142 2790 235 2851 Peras
250 2791 395 2868 imposuit
408 2791 548 2868 luppiter
561 2789 650 2852 nobis
666 2791 759 2853 duas:

101 2873 235 2949 Propriis
250 2876 397 2950 repletam
411 2876 579 2953 vitiispost
591 2881 710 2950 tergum
724 2874 817 2953 dedit,

102 2956 220 3017 Alienis
234 2963 305 3017 ante
319 2966 427 3034 pectus
442 2960 604 3037 suspendit
618 2976 753 3036 gravem.

141 3040 207 3100 Hac
220 3056 255 3100 re
268 3040 375 3101 videre
388 3050 495 3111 nostra
508 3045 589 3105 mala
602 3060 664 3105 non
678 3059 861 3120 pessumum

57 3192 66 3223 .
100 3123 160 3183 Alii
176 3124 265 3185 simul
280 3123 468 3201 delinquunt,
484 3143 630 3189 censores
647 3142 762 3188 sumus.
1030 3137 1049 3194 5

447 3245 624 3302 FABULA
644 3245 690 3300 xl.
777 3274 793 3307 .·.

360 3339 449 3402 FUR
475 3338 532 3401 El·
558 3337 784 3401 Lllclllilil.

140 3424 310 3486 Lucernam
324 3425 372 3486 iur
386 3425 527 3488 accendit
541 3439 580 3486 ex
595 3438 649 3484 ara
662 3424 748 3485 Jovis
