2326 3810
46 234 48 239 -
107 188 149 251 ³0
363 185 534 249 PHAEDRI
554 185 799 248 FABULARUM

435 341 611 397 FABULA
630 340 716 396 XVII.

279 435 454 500 ARBORES
474 435 515 496 IN
535 432 696 496 DEORUM
717 433 874 497 rurum.

148 536 233 610 Olim,
250 553 326 612 quas
341 537 454 596 vellent
468 551 538 596 esse
553 536 584 595 ln
598 538 691 598 tutela
705 553 770 610 sua,

104 620 174 682 Divi
187 621 324 695 legerunt
338 620 474 681 arbores.
504 619 639 692 Quercus
653 620 723 679 Iovi

103 705 142 765 Et
155 711 271 781 myrtus
285 703 399 762 Veneri
413 702 535 778 placuit,
550 702 674 762 Phoebo
691 703 804 776 laurea,

103 789 195 847 Pinus
212 786 363 864 Cybebae,
379 787 512 860 populus
528 786 611 845 celsa
624 785 756 846 Herculi.

103 872 241 932 Minerva
256 870 418 943 admirans
437 885 531 944 quare
545 870 663 930 steriles
679 868 840 942 sumerent,
943 932 946 939 ,
1037 880 1053 934 5

103 953 311 1028 Interrogavit.
341 952 470 1014 Causam
485 952 561 1013 dixit
572 953 724 1031 Iuppiter:

103 1038 259 1099 Honorem
274 1038 372 1097 fructu
385 1053 425 1096 ne
440 1037 598 1096 videamur
611 1037 755 1096 vendere.

103 1124 152 1194 At,
167 1139 217 1182 me
230 1122 386 1194 Hercules,
402 1119 535 1178 narrabit
550 1119 634 1193 quod
649 1120 717 1194 quIs
732 1118 870 1193 volucrit,

105 1205 192 1266 Oliva
206 1205 295 1264 nobis
310 1210 436 1279 propter
450 1204 579 1262 fructum
594 1210 640 1262 est
655 1203 776 1277 gratior.

5 1306 10 1317 ·
103 1289 186 1348 Tunc
202 1289 247 1346 sic
261 1288 388 1346 deorum
402 1285 521 1360 genitor
535 1291 625 1359 atque
640 1286 796 1347 hominum
810 1294 908 1347 sator=
1022 1298 1053 1349 lo

105 1370 222 1442 Onata,
237 1370 344 1429 merito
360 1369 484 1444 sapiens
500 1369 602 1428 dicere
619 1370 775 1430 omnibus!

103 1453 167 1513 Nisi
181 1453 253 1513 utile
267 1459 314 1512 est
329 1452 412 1527 quod
427 1453 563 1526 iacimus,
582 1454 672 1511 stulta
687 1460 733 1512 est
748 1454 854 1528 gloria.

144 1535 223 1611 Nihil
238 1551 329 1609 agere
345 1536 428 1610 quod
442 1551 503 1595 non
519 1537 617 1610 prosit
631 1535 743 1596 labella
757 1537 909 1596 admonet.

427 1656 603 1713 FABULA
623 1658 719 1712 XVIII.

239 1751 336 1813 Pavo
358 1752 409 1813 lu
430 1751 611 1814 JUNONEM
630 1752 682 1812 DE
704 1748 805 1811 VOGE
828 1748 909 1810 sul.

144 1852 227 1911 Pavo
243 1851 283 1910 ad
296 1851 447 1911 Iunonem
463 1852 545 1910 venit
559 1852 681 1926 indigne
697 1852 807 1921 ferens,

104 1937 215 1996 Cantus
230 1933 349 1993 luscInii
365 1934 448 2006 quod
464 1933 522 1991 sibi
537 1950 597 1992 non
612 1935 760 2003 tribuerit,

102 2020 189 2079 Illum
203 2032 275 2076 esse
290 2016 405 2075 cuncus
420 2015 542 2075 auribus
558 2017 774 2089 adnnrabilem,

103 2102 144 2163 Se
159 2100 300 2173 derideri,
317 2099 405 2158 slmul
420 2113 456 2157 ae
471 2113 579 2157 vocem
594 2101 717 2159 miserit.

102 2186 184 2245 Tunc
199 2182 380 2243 consolandi
394 2182 491 2258 gnada
506 2182 581 2243 dixit
596 2184 669 2243 dea:

103 2268 165 2328 Sed
180 2268 277 2327 Iouna
289 2266 397 2339 vincis,
419 2266 514 2351 vincts
530 2269 750 2343 magnitudine;

101 2352 186 2412 Nitor
200 2350 353 2427 smaragdi
368 2351 446 2410 collo
462 2352 632 2426 praefulget
646 2359 697 2411 tuo

100 2433 253 2506 PictIsque
268 2433 378 2508 plumis
393 2448 561 2506 gemmeam
576 2436 705 2493 caudam
720 2434 867 2509 explicas.

103 2517 168 2589 Quo
182 2513 232 2589 mi,
248 2515 352 2589 iuquit,
368 2520 481 2575 mutarn
495 2516 638 2589 speclem,
656 2517 682 2575 si
696 2517 804 2575 vincor
818 2523 917 2576 sono?

101 2599 243 2660 Fatorum
258 2597 380 2657 arbitrio
395 2603 498 2674 partes
514 2606 583 2658 sunt
597 2598 686 2659 vobis
702 2598 805 2658 datae=
1016 2606 1051 2660 10

101 2683 165 2743 Tibi
181 2683 286 2753 forma,
305 2681 385 2742 vires
400 2681 530 2757 aquilae,
547 2683 675 2742 luscinio
690 2684 796 2756 meloS,

101 2768 269 2840 AugurIum
284 2781 386 2838 corvo,
402 2766 491 2826 laeva
505 2767 618 2826 cerulei
633 2767 743 2839 omina,

103 2849 276 2923 Omnesque
290 2850 422 2923 propriis
438 2857 508 2910 sunt
524 2858 683 2910 contentae
699 2850 831 2910 dotibus.

142 2934 210 2994 Noli
225 2932 379 2992 adfectare
395 2933 478 3006 quod
492 2933 545 2993 tibi
560 2950 621 2992 uon
636 2940 682 2992 est
697 2934 807 3005 datum,

102 3019 215 3080 Delusa
228 3033 267 3077 ne
283 3032 356 3093 spes
372 3017 412 3075 ad
427 3018 579 3091 querelam
595 3016 720 3075 recidat.
1016 3023 1051 3076 15

436 3137 458 3192 F
465 3136 611 3194 ABULA
631 3139 703 3196 XIX.

264 3229 431 3292 AESOPUS
453 3231 676 3297 RESPONDET
698 3232 883 3295 utuumo.

162 3331 308 3407 Aesopus
324 3332 447 3393 domino
464 3337 548 3397 solus
565 3354 657 3412 quum
672 3343 755 3396 esset
769 3335 889 3410 tamilla,

102 3415 212 3476 Parare
228 3429 334 3498 cenam
346 3415 454 3489 jussus
469 3428 516 3479 est
529 3422 685 3480 maturIus.
