2326 3810
128 188 169 256 76
376 188 549 252 PHAEDRI
568 180 812 254 FABULARUM

126 343 152 402 E
165 342 254 403 turba
267 347 300 402 ut
312 341 390 403 vidit
401 359 491 417 unus,
509 340 561 418 qui
576 358 611 402 se
626 343 740 402 iecerat

126 426 250 502 Regem,
267 426 362 487 teneri
374 427 470 502 Jussit
482 440 547 500 eos,
562 433 597 486 ut
610 424 751 501 disceret,

126 509 172 570 De
187 510 308 585 sequid
322 510 462 571 homines
477 509 623 571 dicerent.
651 507 765 570 Omnes
779 509 886 572 simui
950 516 952 523 '

126 593 259 656 Adstare
275 593 370 655 voluit
383 593 490 654 simios
504 594 596 668 longo
612 590 720 652 ordine

127 676 241 737 Dextra
254 677 413 754 laevaque,
428 678 486 737 sed
501 676 559 737 sibi
574 677 648 751 poni
660 675 813 750 thronum,

126 759 166 820 Ut
178 759 335 821 hominum
347 764 438 835 reges
453 759 608 835 quondam
622 759 724 819 facere
738 759 868 819 viderat.

125 843 200 904 Mox
213 843 353 904 homines
363 843 473 918 jussos
487 843 518 902 in
532 843 665 904 medium
680 842 793 903 adduci
807 850 910 919 rogat.
978 864 983 872 ·

126 927 301 1001 Qualisnam
317 926 405 986 vobis
420 941 492 987 esse
504 927 622 1000 videor,
636 925 799 1001 hospicoso

100 1026 102 1031 ⁴
124 1010 297 1087 Respondit
310 1011 458 1070 mendax:
479 1010 548 1071 Rex
563 1010 676 1070 videris
691 1009 854 1073 maximus.

123 1094 163 1154 Et
177 1093 230 1170 qui
244 1100 314 1153 sunt
328 1094 387 1169 isti,
403 1109 483 1170 quos
498 1099 580 1155 stare
591 1099 661 1153 ante
674 1108 725 1152 me
740 1092 851 1171 videst

124 1177 163 1236 Hi
177 1177 313 1251 comites,
328 1177 360 1236 hi
375 1177 466 1252 legati
481 1184 511 1237 et
523 1175 650 1236 militum
665 1175 773 1237 duces

124 1261 285 1335 Mendacio
300 1261 443 1321 laudatus
458 1275 527 1329 cum
540 1258 628 1319 turba
643 1273 700 1319 sua

123 1344 285 1405 Adulatori
298 1360 409 1405 munius
424 1343 554 1419 imperat
567 1342 643 1402 dari.

123 1425 180 1488 Hic
195 1442 301 1488 secum
315 1442 411 1487 verax
425 1426 515 1486 dixit:
531 1426 565 1486 Si
579 1425 771 1487 mendacium

124 1510 175 1571 Sic
190 1517 237 1571 est
251 1517 419 1587 acceptum,
435 1516 549 1586 quanto
564 1525 626 1568 non
641 1524 699 1584 ego
715 1525 840 1580 munere

122 1595 277 1669 Donabor,
292 1611 399 1654 verum
414 1594 440 1654 si
454 1609 510 1671 pro
524 1608 610 1654 more
625 1592 742 1653 dixero.

122 1678 307 1740 Deliberanti
321 1678 399 1738 haec
414 1677 534 1738 simius=
555 1676 594 1737 Et
608 1676 707 1755 qualis
721 1675 775 1736 tibi

122 1761 241 1822 Videor
254 1768 284 1821 et
297 1761 349 1835 illi,
365 1778 445 1837 quos
460 1761 509 1820 hic
524 1767 594 1821 ante
607 1775 657 1820 me
670 1759 783 1819 tides?

121 1843 293 1941 Respondit
307 1844 375 1905 ilie
403 1844 517 1904 Verum
531 1843 639 1917 dicam,
656 1859 689 1904 es
705 1843 820 1916 simius,

121 1928 198 1988 Et
174 1929 253 1988 s1mii
269 1944 375 1989 omnes
386 1928 438 2002 illi,
456 1929 508 2004 qui
523 1928 639 1989 similes
652 1927 722 1987 tui.
770 1953 771 1959 ι

118 2011 220 2070 iratus
235 2011 318 2071 illum
333 2011 473 2071 dentibus
489 2026 544 2070 rex
558 2012 689 2087 imperet
796 2044 799 2051 ·

121 2094 264 2154 Lacerari
278 2101 308 2154 et
320 2093 483 2170 unguibus,
500 2094 584 2170 quod
597 2109 673 2154 vera
687 2092 816 2154 dixerat

163 2177 315 2239 Blandum
328 2179 471 2240 laudatur
484 2194 503 2238 a
516 2178 604 2238 malis
619 2177 828 2248 mendacium,

15 2320 18 2329 ,
121 2261 216 2323 Bonis
230 2262 362 2324 honesta
374 2263 432 2325 sert
446 2263 570 2324 exitium
583 2262 707 2322 veritas.

384 2386 387 2393 '
451 2430 734 2490 raeunnxxn.

299 2604 305 2617 ,
383 2530 533 2603 nouo
581 2542 645 2603 ur
691 2543 803 2608 nuo.

161 2674 261 2734 Homo
277 2672 415 2736 certabat
429 2690 499 2736 cum
512 2676 611 2752 leone,
627 2678 735 2739 sortior
835 2702 838 2708 ·

120 2758 193 2832 Quis
209 2763 300 2832 esset,
315 2763 406 2835 utque
419 2760 480 2821 litis
493 2763 698 2824 testimonium

119 2839 219 2916 Hujns
235 2840 307 2900 dum
321 2851 478 2918 quaerunt,
495 2846 536 2905 ad
550 2848 724 2923 sepulcrum
737 2857 895 2926 venerumt,

119 2925 152 2984 In
169 2941 230 3000 quo
245 2925 365 2986 leonem
379 2926 491 3001 pictum
507 2929 591 2989 elisis
606 2929 645 2989 ab
658 2929 782 2991 homine

118 3008 270 3070 Faucibus
286 3010 427 3085 ostendit,
442 3010 651 3086 argumentum
663 3012 810 3073 uirium

118 3092 181 3152 Leo
196 3093 371 3168 respondit:
392 3093 532 3156 Humana
544 3095 605 3156 hoc
618 3096 734 3172 pictum
748 3105 796 3160 est
808 3116 916 3173 manu3

119 3176 251 3236 Videres
266 3176 420 3238 hominem
435 3179 596 3257 dejectum,
611 3181 638 3241 si
653 3181 780 3257 pingere

118 3259 239 3318 Leones
255 3261 380 3320 scirent
406 3259 470 3322 Sed
484 3278 543 3338 ego
557 3265 763 3325 testimonium

119 3341 207 3402 Dabo
221 3340 340 3403 virtutis
356 3346 477 3407 certius.
506 3347 557 3407 Ad
571 3350 779 3426 spectaculum

118 3424 253 3487 Deduxit
267 3425 430 3505 bominem,
444 3436 618 3494 monstrans
632 3433 685 3493 ubi
698 3432 781 3494 bona
795 3433 858 3494 tide
923 3470 928 3476 ι

1055 3028 1072 3078 5

1041 3444 1074 3497 to
