2326 3810
379 212 382 217 >
453 162 645 229 'mnan

107 318 140 382 Si
154 322 298 383 marmori
311 322 544 398 adscripserunt
555 313 726 379 Praxitelen
740 322 808 392 sno,

105 405 187 465 frito
200 404 361 483 Myronem
375 410 511 480 urgento,
527 401 651 464 tabulae
664 402 841 464 Zeuxidem.

104 489 194 548 Adeo
209 489 330 551 fucatae
344 490 414 567 plus
430 487 575 549 vetustati
590 486 673 547 favet

104 572 224 647 Invidia
236 574 367 634 mordax
381 586 475 647 quam
488 571 580 631 bonis
594 569 819 646 praesentibus.
1045 604 1048 608 ⁴

106 654 170 715 Sed
181 655 246 731 jam
261 659 301 717 ad
316 656 459 718 fabellam
471 656 542 716 telis
556 655 796 730 exempliferor.
864 692 868 698 -
968 657 975 671 ⁶
1023 651 1057 716 td

191 886 410 950 aumonius
431 792 813 951 naFriAgnstunn'nnoun
832 869 967 950 roiirn.
1044 980 1047 992 μ

145 976 327 1065 Demetrius,
343 990 395 1065 qui
409 989 510 1051 dictus
524 996 573 1051 est
584 989 761 1064 Phalereus,

104 1073 242 1135 Athenas
258 1072 421 1148 occupavit
435 1073 562 1148 imperio
577 1072 728 1155 improb-o.
988 1143 992 1155 Ι

103 1158 145 1229 Ut
158 1173 228 1233 mos
242 1164 290 1217 est
303 1158 396 1232 vulgi,
411 1157 573 1232 pessimat
587 1157 723 1218 certatim
738 1156 798 1217 ruit
906 1170 908 1176 ·

105 1241 304 1316 „Felieiter!“
325 1243 529 1301 succlamans.
565 1243 629 1318 Ipsi
644 1241 798 1317 principes
860 1312 861 1315 Ἴ

103 1325 190 1387 Illam
205 1326 389 1401 oscuiantur,
404 1340 467 1400 qua
480 1331 553 1385 sunt
567 1324 719 1402 oppressi,
735 1340 867 1400 manum,

104 1409 207 1469 Tacite
221 1415 377 1483 gementes
390 1409 508 1468 tristem
522 1409 661 1470 fortunae
674 1409 784 1468 vicem.

105 1492 183 1567 Quin
197 1494 288 1552 etiam
302 1493 422 1553 resides
436 1496 467 1552 et
481 1501 647 1568 sequentes
663 1493 766 1568 otium,

103 1577 149 1636 Ne
164 1576 301 1637 defuisse
315 1583 433 1649 noceat,
448 1584 559 1652 repunt
571 1577 684 1648 ultimi,

105 1661 140 1721 ln
155 1659 225 1736 quis
240 1661 416 1735 Menander,
431 1659 544 1719 nobilis
560 1659 739 1730 comoediis,

106 1745 188 1818 Quas
203 1746 305 1821 ipsum
318 1744 464 1819 ignorans
479 1744 594 1818 legerat
606 1742 777 1804 Demetrius

105 1829 143 1888 Et
157 1829 322 1889 admiratus
338 1829 436 1891 fuerat
449 1827 605 1903 ingenium
613 1828 685 1902 viri,
714 1823 718 1828 ’

104 1913 266 1988 Unguento
280 1912 443 1987 delibutus,
457 1912 572 1973 vestitu
585 1911 696 1986 fluens,

105 1997 257 2056 Veniebat
271 2012 381 2071 gressu
396 1995 526 2057 delicato
542 2001 572 2057 et
585 1995 742 2072 languido.

105 2081 194 2141 Hunc
207 2080 259 2140 ubi
272 2086 422 2157 tyrannus
437 2081 514 2140 vidit
524 2082 664 2141 'extremo
680 2079 815 2155 agmine:
880 2108 886 2120 ·
908 2078 921 2091 “

106 2165 252 2239 Quisnam
266 2165 412 2224 cinaedus
427 2164 478 2222 illc
492 2164 522 2223 in
537 2169 706 2238 conspectu
719 2179 789 2222 meo

104 2250 207 2308 Audet
220 2248 348 2314 veniret
380 2247 619 2323 Responderunt
632 2246 779 2321 proximi:
873 2241 883 2249 ‘

104 2331 162 2391 Hic
176 2338 224 2392 est
235 2331 404 2391 Menander
418 2329 558 2405 scriptor.
592 2329 725 2390 Mutatus
741 2329 856 2391 statim:

104 2416 214 2488 Homo,
229 2416 335 2491 inquit,
352 2414 419 2474 fieri
432 2429 494 2474 non
509 2418 612 2489 potest
626 2413 799 2474 formosior.

146 2499 318 2560 Humanum
333 2513 429 2575 saepe
443 2498 489 2558 sic
500 2497 651 2574 judicium
666 2498 787 2558 fallitur.

462 2631 640 2689 FABULA
659 2633 692 2687 M.

375 2725 565 2787 viticulis
584 2725 635 2786 ΕΤ
654 2722 789 2786 Multo.

146 2824 214 2884 Duo
231 2840 326 2901 quum
340 2818 523 2886 incidissent
535 2827 567 2886 in
580 2826 730 2886 latronam
744 2823 863 2898 milites,

102 2909 190 2970 Unus
205 2908 347 2985 profugit,
363 2910 439 2970 niter
452 2916 554 2971 autem
566 2909 676 2989 restitit

102 2993 141 3053 Et
153 2991 322 3056 vindicavit
336 3009 408 3054 sese
422 2995 493 3055 forti
507 2995 644 3055 dextera.

102 3077 235 3137 Latrone
251 3076 355 3137 occiso
370 3079 494 3140 timidus
509 3079 639 3139 accurrit
653 3093 758 3138 comes
959 3142 962 3146 ⁸

104 3159 292 3239 Stringitque
306 3162 450 3236 gladium,
467 3162 539 3221 dein
552 3162 670 3238 rejecta
683 3159 830 3236 paeuufa=
895 3186 898 3190 ·

104 3243 198 3317 cedo,
213 3244 321 3320 inquit,
336 3244 436 3316 flfum3
455 3243 521 3320 iam
535 3242 649 3305 curabo
663 3244 782 3319 sentiat,

103 3327 189 3402 Quos
203 3328 362 3389 attentarit.
396 3329 488 3403 Tunc,
505 3329 558 3406 qui
572 3329 824 3406 depugnarunt

101 3411 219 3472 Veiiem
231 3412 301 3472 istis
318 3413 419 3477 verbis
435 3415 547 3479 saitem
562 3414 754 3496 adiuvisses
766 3412 891 3480 modun
