2326 3810
103 157 145 219 26
361 155 531 215 PHAEDRI
551 156 794 218 FABULARUM

105 308 253 384 Sperante
268 307 411 366 heredem
425 307 524 375 sulfici
540 323 576 368 sc
590 308 770 383 proximum.
819 289 827 304 ⁸

105 390 161 465 Qui
176 407 268 466 quum
283 390 322 449 dc
336 406 432 465 puero
447 391 540 451 multa
552 391 693 451 mentitus
708 392 785 452 iuret

104 474 142 533 Et
155 474 243 547 plura
258 473 297 533 de
312 471 436 548 flagitiis
451 480 554 534 castae
568 474 711 548 mulieris,

103 556 226 630 Adjecit
240 556 280 630 id,
298 557 381 631 quod
396 557 544 616 sentiebat
557 556 688 615 maxime

103 640 271 699 Doliturum
284 640 404 712 amanti,
420 640 567 699 ventitare
582 639 750 702 adulterum

105 722 279 798 Stuproque
292 723 371 797 turpi
384 723 478 797 pollui
494 724 604 782 lamam
620 723 739 784 domus.

104 806 251 866 incensus
267 806 317 864 ille
332 806 409 865 salso
424 807 530 866 uxoris
547 806 670 865 crimine

105 889 262 949 Simulavit
276 889 332 948 iter
346 890 386 948 ad
400 890 503 949 villam
518 890 656 963 clamque
670 891 699 949 in
715 891 830 966 oppido

106 971 264 1031 Subsedit:
280 973 391 1033 deinde
405 981 496 1033 noctu
511 973 609 1034 subito
623 973 748 1046 januam

104 1055 236 1129 Intravit,
252 1063 335 1115 recta
350 1056 519 1117 cubiculum
532 1057 637 1116 uxoris
651 1064 769 1132 petens,

104 1139 139 1198 In
154 1154 215 1214 quo
231 1140 364 1200 dormire
378 1147 473 1200 mater
487 1146 587 1198 natum
600 1140 744 1213 jusserat,

103 1227 242 1282 Aetatem
256 1223 389 1281 adultam
408 1238 534 1282 servans
551 1223 733 1296 diligentius.

105 1305 182 1363 Dum
197 1310 344 1378 quaerunt
357 1304 467 1378 lurnen,
485 1306 556 1365 dum
571 1313 754 1368 concursant
767 1306 888 1381 familia,

103 1387 171 1445 Irae
186 1387 310 1446 furentis
324 1387 468 1463 impetum
481 1405 543 1448 non
558 1390 711 1449 sustinens

103 1470 154 1529 Ad
169 1469 278 1528 lectum
292 1471 419 1545 accedit,
434 1478 528 1531 tentat
542 1472 719 1531 intenebris
735 1481 834 1548 caput.

105 1553 145 1613 Ut
160 1553 249 1612 sentit
262 1559 392 1627 tonsum,
409 1555 510 1629 gladio
526 1561 632 1630 pectus
640 1556 793 1634 transigit,

103 1635 182 1696 Nihil
196 1637 373 1713 respiciens,
390 1637 461 1698 dum
478 1638 613 1698 dolorem
627 1639 769 1699 vindicet.

102 1721 240 1780 Lucerna
255 1722 364 1795 adlata,
380 1722 468 1782 simul
483 1723 625 1796 adspexit
639 1722 733 1782 lilium

105 1802 307 1876 Sanctamque
320 1820 448 1864 uxorem
463 1805 661 1864 dormientem
677 1805 826 1876 cubiculo,

105 1884 212 1959 Sopita
224 1886 322 1959 primo
340 1901 418 1960 quae
431 1887 474 1945 nil
489 1902 597 1945 somno
614 1896 767 1957 senseram

102 1968 356 2041 Repraesentavit
370 1969 401 2027 in
416 1985 451 2028 se
465 1985 596 2043 poenam
612 1971 755 2030 facinoris

101 2050 139 2108 Et
152 2051 232 2108 lerro
247 2050 389 2124 incubuit,
406 2052 489 2125 quod
503 2053 664 2112 credulitas
676 2054 845 2113 strinxerat.

102 2136 307 2194 Accusatores
322 2135 511 2209 postularunt
525 2128 681 2195 mulierem

101 2217 291 2293 Romamque
305 2223 515 2294 pertraxerunt
529 2221 569 2280 ad
584 2220 796 2280 centumviros.

102 2300 236 2376 Maligna
249 2302 399 2362 insontem
415 2303 555 2379 deprimit
570 2305 716 2379 suspicio,

102 2383 189 2455 Quod
205 2384 285 2444 bona
299 2387 467 2460 possideat.
497 2387 582 2447 Stant
595 2387 714 2462 patroni
729 2386 845 2445 iortiter

102 2466 232 2524 Causam
246 2472 365 2525 tuentes
379 2469 548 2527 innocentis
564 2471 703 2527 feminae.

142 2549 172 2604 Α
185 2546 263 2605 Divo
277 2552 417 2621 Augusto
432 2555 502 2607 tunc
517 2552 632 2624 petiere
644 2551 776 2623 jndices,

100 2629 139 2690 Ut
153 2629 313 2704 adjuvaret
324 2630 402 2704 juris
415 2630 538 2706 jurandi
553 2633 654 2706 fidem,

101 2713 188 2786 Quod
203 2713 290 2788 ipsos
305 2728 391 2774 error
404 2715 602 2791 implicuisset
616 2716 758 2776 criminis.

100 2796 156 2869 Qui
170 2803 334 2870 postquam
348 2799 488 2867 tenebras
504 2801 628 2875 dispulit
643 2801 809 2859 calumniae

101 2880 280 2954 Certumque
295 2880 409 2940 iontem
423 2883 556 2943 veritatis
571 2885 718 2958 repperit=

97 2963 182 3038 Luat,
198 2963 303 3038 inquit,
318 2978 436 3038 poenas
452 2980 545 3025 causa
559 2965 683 3024 libertus
698 2965 784 3034 mali;

97 3045 234 3123 Namque
249 3047 354 3108 orbam
369 3053 440 3109 nato
456 3047 543 3107 simul
558 3055 588 3107 et
601 3049 749 3123 privatam
765 3049 831 3108 viro

98 3128 303 3192 Miserandam
317 3133 419 3206 potius
434 3147 525 3206 quarn
540 3132 743 3191 damnandam
757 3131 908 3192 existimo.

99 3210 186 3283 Quod
202 3214 228 3272 si
243 3215 344 3275 delata
358 3222 566 3292 perscrutatus
581 3216 707 3275 crimina

96 3292 313 3356 Paterfamilias
329 3306 420 3372 esset,
437 3302 463 3359 si
477 3300 664 3359 mendacium

98 3370 253 3439 Subtiliter
268 3379 413 3455 limasset,
428 3398 447 3441 a
461 3383 614 3445 radicibus

661 3474 683 3508 a,

1012 3059 1046 3113 le
