2326 3810
143 195 187 259 20
401 193 572 253 PHAEDRI
593 190 835 253 FABULARUM

431 374 566 436 tlssnn
593 370 802 433 TERTIUS.

347 488 547 551 intonans
579 490 631 553 tn
666 482 884 553 EUTYGHUU.

184 590 314 651 Phaedri
328 590 449 651 iibeiios
463 590 564 664 legere
580 591 607 651 si
622 589 790 659 desideras,

144 677 246 736 Vaces
262 682 391 751 oportet,
406 673 554 748 Eutyche,
569 672 741 748 aragonis,

144 760 184 820 Ut
197 759 274 818 tiber
288 759 406 818 animus
422 757 534 817 sentiat
545 759 607 817 vim
622 756 788 835 carminis

143 844 267 914 Verum,
283 841 393 916 inquis,
409 841 483 899 tanti
496 857 557 900 non
572 850 620 902 est
633 840 785 915 ingenium
798 844 891 911 tuum

143 925 330 985 Momentum
344 930 376 982 ui
390 924 484 985 horae
498 933 604 1000 pereat
618 924 712 986 officii
726 923 795 983 mei.

144 1009 211 1067 Non
226 1023 299 1082 ergo
315 1015 471 1067 causaest
485 1009 624 1068 manibus
640 1009 672 1066 id
686 1007 767 1079 tangi
781 1005 850 1075 tuis,

145 1090 234 1165 Quod
250 1092 407 1166 occupatis
422 1091 546 1151 auribus
561 1109 623 1150 non
639 1089 790 1150 convenit.

144 1175 290 1237 Fortasse
305 1175 406 1234 dices:
435 1173 565 1246 Aliquae
580 1173 702 1232 venient
716 1172 818 1243 seriae,
915 1173 921 1177 '

146 1257 230 1330 Quae
244 1272 293 1318 me
307 1259 407 1317 soluto
423 1263 548 1330 pectore
564 1259 604 1316 ad
619 1257 750 1316 studium
764 1260 885 1315 vocent.

144 1342 292 1414 Legosne
309 1354 434 1415 quaeso,
451 1340 553 1413 potins
568 1341 644 1400 vites
659 1341 775 1408 nenias,
824 1396 827 1401 ,
922 1339 932 1347 “

144 1423 309 1498 Impendas
325 1438 429 1482 curam
444 1439 535 1497 quam
549 1425 594 1482 rei
609 1423 804 1494 domesticae,
835 1427 841 1449 ¹

144 1507 270 1566 Reddas
285 1505 389 1565 amicis
404 1511 549 1582 tempora,
563 1507 652 1567 uxori
666 1521 768 1576 vaces,

146 1590 288 1650 Animum
302 1591 433 1662 relaxes,
450 1590 543 1650 otium
559 1591 614 1650 des
629 1589 761 1666 corpori,
846 1610 849 1615 ·

147 1675 186 1734 Ut
199 1673 478 1734 adsuetam-fortius
490 1682 630 1748 praestes
642 1674 762 1733 vicem?
804 1677 807 1683 “

146 1757 322 1816 Mutandum
336 1756 389 1814 tibi
404 1758 597 1830 propositum
612 1765 660 1821 est
674 1763 704 1816 ct
718 1757 799 1815 vitae
814 1767 922 1826 genus,

146 1841 260 1898 intrare
275 1839 301 1897 si
316 1838 470 1898 Musarum
484 1838 575 1898 limen
590 1841 716 1914 cogitas.

85 1946 93 1964 ·
145 1922 221 1996 Ego,
237 1937 328 1997 quem
341 1920 438 1981 Pierio
454 1928 549 1981 mater
563 1923 654 1981 enixa
667 1929 714 1981 est
725 1922 811 1996 jugo,

146 2006 180 2063 In
195 2021 256 2080 quo
271 2004 386 2064 tonanti
402 2010 507 2062 sancta
521 2005 722 2080 Mnemosyne
736 2004 804 2064 iovi

146 2087 289 2147 Fecunda
303 2086 411 2146 novies
427 2087 534 2147 artium
548 2089 668 2162 peperit
684 2088 817 2158 chorum,

147 2170 290 2244 Quamvis
306 2171 335 2229 in
351 2171 420 2246 ipsa
433 2186 513 2244 pene
528 2178 616 2232 natus
632 2172 688 2231 sim
705 2171 811 2232 schola

146 2256 316 2331 cmarnque
329 2254 461 2314 habendi
475 2256 597 2329 ponitus
612 2256 706 2316 corde
720 2253 863 2317 eraserim

145 2339 182 2398 Et
196 2339 286 2398 laude
300 2338 412 2398 invicta
426 2339 518 2398 vitam
533 2341 563 2398 in
577 2341 656 2400 hanc
670 2337 857 2398 incubuerim

145 2421 317 2479 Fastidiose
331 2428 431 2479 tamen
446 2421 475 2479 in
489 2430 607 2481 coetum
620 2423 761 2497 recipior.

146 2503 225 2576 Quid
240 2503 340 2562 credis
355 2503 397 2561 ilii
412 2503 561 2574 accidere,
577 2505 629 2577 qui
643 2520 770 2577 magnas
786 2518 863 2576 opes

144 2587 338 2660 Exaggerare
353 2585 471 2660 quaerit
486 2587 567 2644 omni
582 2587 693 2661 vigilia,

145 2669 242 2729 Docto
257 2668 354 2728 labori
370 2669 459 2728 dulce
474 2685 670 2744 praeponens
686 2671 823 2732 tuerumr

146 2750 209 2810 Sed
220 2751 285 2825 jam
301 2752 506 2827 quodcunque
520 2754 617 2827 iberia
631 2762 664 2815 ut
683 2754 759 2815 dixit
773 2752 877 2822 Sinon,

144 2834 195 2893 Ad
208 2848 311 2909 regem
327 2853 419 2911 quum
433 2835 604 2896 Dardaniae
619 2839 784 2912 perductus
800 2837 885 2908 soret,

144 2910 266 2978 Librum
281 2917 415 2977 exarabo
430 2918 549 2977 tertium
563 2921 681 2994 Aesopi
697 2921 775 2994 stilo,

143 3002 260 3062 Honori
275 3009 305 3061 et
319 3000 432 3061 meritis
448 3000 595 3061 dedicans
610 3003 693 3062 illum
706 3004 775 3064 tuis.

145 3084 239 3156 Quem
255 3086 281 3145 si
295 3086 389 3160 teges,
405 3084 559 3155 lactabam
576 3086 624 3145 sin
640 3094 739 3147 autem
754 3088 863 3160 minus,

144 3167 305 3228 Habebunt
320 3177 409 3243 certe,
426 3185 487 3246 quo
503 3185 538 3229 se
553 3169 704 3230 obiectent
720 3170 844 3246 posteri.

185 3250 278 3320 Nunc,
295 3251 463 3314 fabularum
480 3269 533 3314 cur
547 3254 587 3314 sit
601 3255 754 3315 inventum
771 3270 877 3329 genus,
905 3294 908 3299 .

143 3333 232 3392 Brevi
249 3334 377 3395 docebo.
407 3336 543 3398 Servitus
559 3338 700 3410 obnoxia,

144 3416 219 3491 Quia
235 3432 313 3491 quae
328 3417 449 3478 volebat
463 3435 521 3478 non
538 3421 669 3481 audebat
685 3422 794 3493 dicere,
