2326 3810
141 152 183 218 ⁷2
394 100 567 218 PHAEDRl
587 154 833 256 FABULARUM

139 311 213 371 Erat
226 323 364 383 neeesse,
380 322 506 368 somnus
521 307 573 370 cui
584 323 646 368 non
660 314 808 369 venerati
940 369 944 378 ,
1058 319 1092 374 15

180 394 247 453 Hoc
262 391 331 465 illis,
349 391 401 466 qui
415 392 589 466 loquuntur,
604 390 658 451 ubi
671 392 713 452 nil
727 398 776 456 esl
789 408 880 468 opus,

138 477 176 537 Et
191 476 251 551 qui,
268 475 393 551 vigilare
409 489 503 550 quum
517 473 834 568 neeesse‚.dormiunt.
882 529 888 534 .

422 692 426 696 Δ
477 607 656 675 rxaunx
675 608 746 666 xm.

323 696 498 782 assutus,
520 701 592 763 uos
612 697 662 764 nr
682 700 893 768 vonocuns.

179 807 302 868 Asellus
318 811 348 866 et
360 805 420 866 bos
433 821 496 866 uno
508 805 615 866 sociati
627 805 704 880 jugo

136 890 307 951 Plaustrum
320 888 489 949 trahebant.
531 889 604 962 Bos,
621 889 693 952 dum
706 888 803 950 tendit
815 887 958 963 validius,
1056 946 1059 957 ,

138 973 292 1048 Confregit
306 987 411 1033 comu.
436 973 562 1034 Asellus
577 973 619 1032 nil
633 972 794 1033 levaminis

137 1057 256 1118 Sentire
268 1057 352 1133 jurat
366 1070 401 1116 se
416 1071 436 1115 a
449 1063 592 1118 consorte
607 1054 709 1116 debili.

135 1140 286 1202 Laborem
299 1140 460 1200 intendens
475 1156 572 1202 cornu
584 1140 695 1214 frangit
708 1140 835 1201 alterum

134 1225 307 1302 Terraeque
320 1223 445 1285 tandem
457 1223 517 1284 bos
530 1222 702 1299 procumbit
715 1229 864 1283 mortuus.

134 1309 265 1369 Asinum
277 1306 428 1367 bubulcus
444 1322 536 1367 carne
549 1323 623 1368 mox
636 1313 743 1371 onerat
755 1305 861 1379 bovis

92 1434 95 1439 .
136 1391 192 1466 Qui
206 1391 316 1450 mullas
330 1390 408 1450 inter
422 1391 530 1465 plagas
544 1398 652 1467 ruplus
668 1389 802 1452 concidit

133 1475 171 1534 Et
185 1473 353 1551 exspiravit
366 1473 459 1534 nimio
473 1475 580 1548 lapsus
595 1471 743 1550 pondere.
770 1471 772 1475 ‘
863 1494 869 1503 „

82 1560 89 1567 ’
130 1558 185 1634 ΙΑ(1
199 1557 347 1634 praedam
359 1558 502 1618 volueres
517 1557 559 1617 ita
573 1557 710 1619 dieentes
725 1555 903 1619 convolant:

134 1641 168 1702 Si
182 1648 213 1702 te
227 1641 363 1717 precanti
377 1640 479 1701 mitem
493 1640 688 1702 exhibuisses
701 1639 785 1712 bovi,

133 1725 200 1787 lton
214 1725 373 1786 immaturo
388 1738 446 1785 nos
460 1724 582 1809 interitu
591 1739 753 1801 pasceres.

469 1856 647 1915 FABULA
665 1856 740 1917 XIV.

392 1944 487 2033 nno
517 1952 576 2015 ur
606 1949 814 2017 rxsron.

174 2053 292 2114 Debent
305 2058 446 2129 potentes
461 2054 581 2115 miseris
594 2054 724 2115 reddere
739 2055 875 2131 gratiam.

132 2138 245 2198 limans
260 2137 291 2197 in
306 2136 385 2197 silva
399 2137 519 2215 spinam
533 2138 662 2199 caleavit
674 2139 724 2200 leo
822 2212 826 2216 ,

130 2221 169 2280 Et
183 2220 355 2282 claudicare
370 2222 456 2282 sanie
470 2219 598 2284 collecta
610 2221 725 2298 incipit

102 2337 106 2346 ·
131 2304 250 2367 Pastori
264 2302 394 2366 occurrit
409 2306 496 2366 forte.
524 2304 683 2381 Suspenso
697 2304 779 2382 pede

131 2388 182 2448 Ad
195 2386 277 2448 hunc
291 2389 410 2448 accedit
424 2395 517 2464 atque
532 2389 632 2451 cauda
644 2388 822 2450 blandiens=

131 2470 176 2529 Ne
189 2469 391 2546 perturberis;
408 2470 538 2544 imploro
554 2472 699 2531 amilium
711 2478 805 2545 tuum,

131 2553 199 2614 Non
213 2552 360 2629 praedam
376 2568 501 2628 quaero.
527 2551 616 2612 Ponit
630 2554 780 2614 sublatum
794 2555 906 2630 pedam
1045 2604 1047 2608 .

131 2635 270 2698 Hominis
286 2636 317 2695 in
332 2636 457 2711 gremio,
475 2637 527 2711 qui
542 2636 680 2698 eximens
694 2636 813 2714 spinam
827 2640 914 2715 gravi
1001 2637 1004 2643 ’

130 2719 226 2781 Levat
240 2719 357 2782 dolore.
384 2720 476 2781 Radit
489 2720 560 2781 hinc
574 2721 606 2780 in
621 2721 717 2782 silvas
730 2720 789 2780 leo.

131 2803 207 2864 Post
218 2809 340 2880 tempus
355 2804 480 2880 capitur.
508 2803 599 2865 Falso
615 2812 722 2881 pastor
735 2805 860 2866 crimine

131 2885 306 2964 Oppressus
320 2886 402 2946 ludis
415 2887 563 2963 proximis
577 2888 618 2948 ad
630 2887 749 2950 bestias

129 2969 236 3033 Datur.
262 2970 296 3031 ln
310 2985 434 3030 arenam
448 2970 595 3032 dimissus
609 2971 669 3030 ruit
680 2971 748 3044 leo3

129 3056 171 3113 At
183 3054 265 3115 buna
280 3069 452 3130 agnoscens
468 3055 519 3129 qui
533 3053 715 3116 medicinam
729 3057 850 3130 iecerat,

131 3135 245 3199 Oculos
260 3153 329 3198 cum
343 3137 456 3212 ingenti
469 3138 570 3213 rugitu
583 3136 625 3198 ad
638 3140 785 3215 populum
798 3137 881 3200 levat

128 3220 167 3280 Et
179 3236 252 3281 mox
266 3220 418 3282 sublatum
432 3237 537 3282 rursus
551 3223 582 3281 in
597 3223 712 3297 gnomo
725 3224 838 3300 pedem

128 3303 247 3365 Pastori
261 3304 355 3379 ponit,
372 3304 519 3366 intellexit
533 3305 584 3381 qui
599 3306 688 3367 simul

129 3387 216 3452 laum
231 3402 310 3460 esse,
327 3387 374 3446 eui
386 3387 452 3463 jam
464 3395 556 3460 notus
569 3389 601 3450 in
616 3390 694 3451 silva
708 3389 773 3451 luit.
886 3451 890 3457 ,
