2326 3810
126 179 168 245 m
388 173 561 243 Peneum
578 168 824 235 FABuLARuu

456 343 739 403 FABULAXXV.
839 423 842 429 Ι
973 422 982 431 ἱ

274 450 279 458 ’
354 444 843 550 nouosurlstnus.
931 496 933 501 -

167 578 288 653 Equum
301 575 430 650 rogabat
443 574 548 637 asinus
563 575 731 649 paullulum
744 574 863 637 hordei.

125 660 275 734 Libenter,
290 660 339 733 ait,
354 665 393 732 et,
409 658 436 717 si
451 665 638 736 superesset,
652 658 792 732 largiter.
809 730 813 735 ⁴

125 745 183 806 Pro
196 744 343 819 dignitate
358 748 462 802 nostra
476 739 640 800 tribuerem
653 741 717 800 tibi.

68 837 71 841 ’
127 828 191 890 Sed
206 829 298 903 quum
312 825 484 885 venerimus
497 823 537 883 ud
555 824 720 899 praesepia
733 841 874 901 vespere,

75 941 83 948 -
127 912 234 973 Statim
249 910 415 971 folliculum
428 909 553 986 plenum
567 908 648 969 farre
661 908 715 973 tibi
731 908 823 977 dubo.
1063 920 1080 973 5

126 997 251 1057 Asellus
268 995 357 1056 dixit=
380 993 436 1067 Qui
449 1008 515 1068 rem
528 998 590 1051 tarn
604 1008 732 1070 parvam
746 1008 852 1069 negas,

127 1079 205 1153 Quid
219 1080 250 1139 in
264 1077 373 1154 majori
387 1083 418 1136 te
432 1076 581 1135 lucturum
595 1075 788 1140 existbnemo

171 1163 235 1237 Qui,
253 1179 345 1239 quum
358 1159 536 1237 promittunt
549 1175 669 1234 magna,
685 1175 783 1238 parva
798 1159 958 1236 denegent,

127 1247 161 1306 In
176 1246 278 1308 dando
294 1261 329 1308 se
343 1243 514 1307 tenaciores
528 1242 673 1305 indicent.

450 1396 629 1454 rnuunn
647 1378 784 1451 xxvi(
936 1460 939 1467 ¹

392 1492 487 1556 nno
518 1491 579 1554 nr
608 1490 814 1556 vulnus.
872 1587 874 1590 Α

89 1619 92 1623 ’
171 1611 316 1672 Defectus
331 1610 419 1670 onnis
434 1612 614 1686 languorem
626 1610 715 1675 finxit
727 1611 789 1675 leo.

128 1696 296 1770 Aegrotum
310 1695 351 1754 ad
365 1710 467 1769 regem
481 1694 668 1758 visitandum
680 1694 800 1759 bestiae

128 1778 233 1841 Plures
247 1784 403 1850 venerunt,
419 1793 498 1854 quas
514 1777 626 1839 occidit
639 1779 790 1853 protinus.

127 1862 194 1923 Sed
208 1870 296 1923 cauta
309 1864 419 1937 vulpes
435 1867 504 1923 ante
519 1862 698 1938 speluncam
712 1862 795 1925 stetit

131 1946 272 2008 Salutens
286 1961 399 2020 regem.
427 1945 526 2022 Quum
538 1952 681 2021 rogasset
694 1945 775 2008 hanc
788 1946 848 2018 leo,
895 1997 902 2004 .

131 2030 191 2090 Cur
204 2047 265 2091 non
279 2030 416 2088 intraretz
446 2029 546 2091 Video
562 2030 648 2105 quod
661 2029 794 2104 vestigia

129 2114 313 2188 Intrandum,
328 2112 434 2188 inquit,
450 2129 512 2176 non
526 2128 601 2176 vero
616 2113 801 2176 exeuntium,

172 2197 274 2260 cautis
288 2197 440 2276 prodesse
455 2196 591 2273 pericula
605 2197 734 2259 aliorum
749 2197 858 2261 soient.
948 2194 953 2199 ’

445 2347 560 2407 FABU
568 2349 622 2407 LA
642 2348 753 2405 XXVII.

365 2453 513 2517 Pu‘lux
539 2456 595 2517 ΕΤ
624 2454 845 2518 clitellis

170 2570 265 2630 Pulex
280 2567 387 2629 carneli
401 2568 497 2629 dorso
512 2570 591 2629 lorte
603 2569 777 2640 considens,

74 2680 79 2685 ·
132 2657 282 2716 vaatus
296 2651 397 2713 multis
413 2653 465 2729 qui
479 2653 643 2714 incedebat
655 2653 794 2727 sarcinis
825 2694 829 2704 .
944 2692 947 2699 -

132 2738 196 2800 Sibi
210 2736 358 2814 placebat,
375 2737 466 2812 longe
480 2737 567 2799 visus
579 2739 681 2799 altior.
944 2782 949 2792 .

131 2824 192 2883 Iter
206 2837 299 2898 quum
312 2821 436 2895 longum
451 2821 606 2896 iecissent,
623 2823 664 2882 ad
678 2838 857 2897 vesperum.
927 2844 930 2850 ¹
981 2864 985 2871 .
1005 2862 1029 2891 ,..

132 2906 228 2968 Simul
242 2910 390 2965 venerunt
404 2903 435 2963 in
449 2905 611 2966 stabulum.
639 2905 735 2967 Pulex
750 2905 851 2966 statim

131 2992 182 3051 Ad
196 2996 307 3050 terram
321 2987 450 3049 saliens:
478 2989 568 3061 Ecce,
583 2987 668 3061 dixit
685 2989 772 3050 ocius

132 3073 304 3144 Descende
320 3072 450 3133 attritum
464 3087 504 3132 nc
517 3088 642 3148 grauem
657 3071 779 3134 diutius.

132 3161 173 3218 nt
187 3159 252 3217 ille:
276 3157 398 3217 Gratum
412 3164 469 3230 est,
485 3157 542 3217 scd
557 3173 614 3218 nec
627 3164 660 3217 te
672 3156 817 3233 imposito
833 3155 875 3215 lui
983 3206 986 3213 .

134 3242 293 3315 Gravatus,
309 3255 366 3300 nec
380 3247 411 3300 te
425 3240 568 3317 deposito
583 3257 663 3302 nunc
677 3241 804 3301 elevor.

168 3324 229 3396 Oui
241 3341 279 3384 se
293 3323 424 3401 sublimi,
440 3325 524 3387 nullo
540 3342 634 3403 quum
649 3325 688 3386 sit
702 3325 820 3398 ordine,

107 3407 221 3486 luctet,
237 3415 370 3473 notatus
385 3410 417 3475 iu
434 3411 626 3492 despectum
639 3410 776 3477 ueneno
