2326 3810
151 183 193 248 aa
410 183 581 265 runcum
602 181 846 248 rnsonnuou

152 334 236 408 Quae
249 350 346 410 genus
362 341 524 410 utrumque
538 341 646 395 nosset
660 351 752 409 quum
768 335 978 411 pulcherrime,

149 420 262 494 Legem
276 417 396 479 duabus
410 417 491 478 hano
505 418 667 494 proposuit
680 419 832 493 partibus:
1086 431 1105 486 5

148 505 215 574 Non
230 502 449 561 inconveniens
464 515 578 576 corpus
595 507 624 560 et
637 514 694 575 per
708 508 756 561 est
771 502 863 574 color,

146 589 182 646 ln
199 584 326 644 dubium
340 587 432 660 plone
446 600 497 644 res
511 591 544 644 ut
557 585 664 643 merito
679 586 809 646 venerit.

144 666 212 727 Sed
227 683 266 727 ne
280 669 386 742 religio
403 673 509 743 peccet
523 667 700 741 imprudens
715 683 792 742 mea,

148 750 246 811 Alvos
261 752 390 833 accipite
404 757 434 809 et
448 751 526 809 ceris
542 749 792 825 opus'iniundite‚

147 830 188 895 Ut
201 850 240 894 ex
256 850 368 910 sapore
381 833 478 893 mellis
493 840 523 892 et
537 833 635 892 forma
649 833 719 906 lavi,
1068 848 1105 902 ιο

148 917 194 978 De
210 915 278 992 quis
293 933 373 977 nunc
388 919 492 992 agitur,
508 923 615 976 auctor
629 916 738 976 horum
752 924 909 993 appareat.

149 1001 220 1060 Fuci
235 1007 391 1061 recusant:
407 1000 515 1076 apibus
531 999 665 1060 conditio
680 1001 791 1075 placet.

149 1081 232 1144 Tunc
246 1084 298 1144 illa
312 1085 403 1145 talem
417 1084 542 1160 protulit
556 1083 751 1143 sentcntiam=

148 1168 296 1242 Apertum
310 1175 358 1228 est
373 1168 441 1241 quis
455 1183 518 1227 non
532 1167 641 1241 possit,
658 1173 687 1224 et
702 1168 770 1240 quis
786 1169 899 1228 lecerit.
957 1170 959 1174 “

150 1251 341 1326 Quapropter
356 1249 465 1324 apibus
481 1250 610 1309 fructum
623 1250 749 1310 restituo
766 1267 863 1311 suum.
1066 1265 1100 1317 15

190 1334 276 1392 Hanc
290 1333 504 1409 praeterissem
520 1331 652 1391 fabulam
667 1333 796 1408 silentio,
951 1332 955 1339 '

149 1416 182 1476 Si
196 1421 316 1489 pactam
330 1406 390 1475 inci
405 1430 467 1476 non
481 1424 678 1476 recusassent
692 1417 796 1477 fldem.

482 1549 661 1605 FABULA
681 1549 756 1603 XIV.

365 1645 416 1706 DE
437 1644 533 1706 LUSU
552 1643 602 1705 ET
624 1642 872 1705 SEVERITATE.

188 1745 353 1805 Puerorum
367 1746 397 1802 in
412 1743 500 1804 turba
514 1743 638 1817 quidam
653 1743 807 1803 ludentem
820 1744 938 1806 Atticus

147 1831 306 1902 Aesopum
321 1826 449 1887 nucibus
465 1842 557 1900 quum
573 1826 709 1900 vidisset,
725 1828 834 1888 restitit

146 1910 184 1969 Et
198 1910 286 1983 quasi
301 1910 427 1969 delirum
441 1909 516 1968 risit.
546 1908 634 1981 Quod
648 1911 744 1970 sensit
758 1912 846 1971 simul

147 1993 274 2052 Derisor
285 1993 389 2068 potius
404 2008 496 2066 quam
511 1992 699 2052 deridendus
715 2009 820 2067 senex,

146 2077 260 2134 Arcum
273 2082 427 2135 retensum
441 2075 545 2152 posuit
559 2074 590 2133 in
604 2075 787 2136 mediana:
1077 2087 1096 2141 5

146 2158 246 2218 Heus!
262 2158 367 2234 inquit,
385 2159 519 2234 sapiens,
537 2155 659 2233 expedi,
676 2160 752 2234 quid
767 2161 900 2222 iecerim.

148 2241 304 2303 concrurit
320 2243 462 2319 populus.
490 2240 544 2302 ille
559 2256 594 2302 se
608 2249 730 2318 torquet
744 2243 798 2304 diu

146 2325 208 2384 Nec
223 2327 410 2400 quaestionis
425 2327 545 2402 positae
560 2340 686 2385 causam
700 2327 854 2402 intellegit.

145 2408 318 2469 Novissime
334 2410 510 2470 succumbit.
538 2410 611 2468 Tum
626 2411 725 2470 victor
740 2412 873 2486 sophum

147 2490 211 2550 Cito
226 2507 352 2566 rumpes
367 2508 478 2563 arcum,
495 2505 618 2565 semper
632 2492 659 2550 si
674 2499 794 2553 tensum
808 2493 970 2563 habuerim
1060 2504 1096 2558 lo

147 2576 188 2632 At
202 2573 228 2631 si
241 2574 365 2648 laxaris,
382 2591 474 2650 quum
489 2575 578 2633 voles
593 2573 650 2632 erit
664 2575 755 2634 utilis.

188 2655 239 2716 Sic
253 2657 344 2718 ludus
359 2659 459 2718 animo
475 2657 565 2717 debet
579 2656 745 2731 aliquando
761 2658 836 2735 duri,

145 2739 195 2797 Ad
210 2741 402 2815 cogitandum
416 2742 524 2802 melior
537 2747 568 2801 ut
582 2740 689 2802 redeat
703 2742 766 2802 tibi.

426 2966 433 2973 Ι
484 2879 660 2940 FABULA
679 2882 741 2938 XV.

442 2972 554 3035 cultis
575 2977 625 3038 AD
647 2975 792 3039 AGNUM.

186 3075 267 3135 Inter
281 3074 415 3150 capellas
431 3089 510 3149 agno
525 3075 638 3137 balanti
654 3077 754 3138 canis:

132 3154 249 3229 Stulte,
265 3158 369 3233 inquit
385 3172 485 3229 erras;
502 3172 562 3220 non
579 3168 626 3221 est
639 3160 688 3220 hic
702 3168 799 3220 mater
812 3167 878 3231 tua;

145 3237 288 3313 Ovesque
303 3250 477 3316 segregatas
493 3245 626 3305 ostendit
639 3244 755 3320 procul.

144 3322 212 3383 Non
226 3322 307 3382 illam
322 3341 446 3398 quaero,
464 3342 551 3401 quae,
569 3346 661 3402 quum
676 3328 791 3388 libitum
806 3334 861 3400 est,
878 3328 1020 3407 concipit,

148 3405 222 3466 Dein
237 3412 337 3480 portat
352 3422 429 3467 onus
444 3409 578 3483 ignotum
594 3413 683 3471 certis
699 3409 865 3482 mensibus,
1074 3420 1093 3472 o
1125 3482 1133 3493 Ι
