2326 3810
113 193 153 257 rs
364 192 536 254 runnnm
557 156 802 255 anemurum

109 347 175 422 Qua
190 345 373 408 comminuta
387 347 476 406 laoilc
491 351 633 406 vescatur
648 345 726 406 cibo.

107 429 235 490 Inducta
248 425 351 491 uerbis
367 431 477 505 aquila,
493 429 616 489 monitis
632 429 740 503 paruit,

108 513 204 574 Simul
220 521 249 574 et
262 514 426 589 magistrae
438 514 524 586 large
539 511 643 571 divisit
657 512 778 586 dapem.

109 596 159 656 Sic
174 605 239 657 tuta
254 614 333 673 quae
347 604 473 657 naturae
488 596 585 654 luerat
598 611 732 668 munere,
838 588 842 598 '

108 681 209 755 Impar
225 681 344 741 duabus
360 679 472 741 occidit
485 678 562 737 tristi
577 693 662 737 nece.
724 731 728 741 .

445 817 622 874 FABULA
642 818 715 873 vill.
767 845 774 858 -·

331 909 420 970 MULI
442 909 521 972 DUO
542 912 591 973 ΕΤ
611 909 824 974 VECTORES.

23 1072 26 1076 ,
145 1011 218 1071 Muli
233 1011 350 1085 gravati
365 1011 492 1072 sarcinis
508 1012 591 1073 ibant
605 1015 682 1075 duo:
752 1049 756 1057 «

105 1096 191 1155 Unus
207 1094 323 1155 serebat
336 1094 430 1154 fiscos
446 1110 514 1153 cum
528 1098 668 1171 pecunia,

105 1180 190 1238 Alter
203 1185 352 1238 tumentes
368 1179 461 1238 mullo
477 1194 587 1242 saccos
601 1180 730 1241 hordeo.

104 1263 158 1321 Ille
173 1277 265 1322 onere
281 1261 368 1320 dives
384 1262 467 1320 celsa
482 1264 601 1322 cervice
612 1264 724 1322 eminet

106 1345 289 1419 Clarumque
305 1344 383 1405 collo
396 1345 492 1419 jactat
505 1342 746 1418 tintinnabulum,

105 1429 214 1487 Comes
230 1427 332 1502 quieto
348 1429 485 1502 sequitur
499 1437 529 1489 et
543 1430 666 1505 placido
682 1430 788 1503 gradu.

105 1510 211 1571 Subito
227 1512 360 1570 latrones
377 1528 415 1570 ex
430 1513 550 1571 insidiis
565 1513 711 1573 advolant

103 1595 244 1670 interque
259 1595 384 1654 caedem
400 1596 480 1654 ferro
495 1597 609 1657 mulum
625 1597 771 1667 sauciant,

103 1678 254 1752 Diripiunt
266 1693 416 1751 nummos,
432 1680 597 1754 neglegunt
610 1680 670 1738 vile
684 1679 843 1740 hordeum.

105 1760 260 1834 Spoliatus
276 1761 366 1837 igitur
382 1777 473 1820 casus
492 1779 585 1836 quum
598 1761 686 1825 fleret
699 1780 788 1822 suos:

102 1843 262 1916 Equidem,
278 1843 375 1917 inquit
389 1843 473 1916 aller,
488 1860 537 1902 me
552 1851 756 1919 contemptum
771 1846 899 1919 gaudeo

102 1925 178 1984 Nam
192 1924 234 1983 nil
249 1925 336 1984 amisi
351 1941 408 1984 nec
423 1943 491 1984 sum
505 1926 608 1986 laesus
622 1928 759 1987 vulnere.

141 2009 208 2067 Hoc
222 2015 398 2081 argumento
413 2015 477 2067 tuta
491 2016 538 2068 est
550 2009 707 2069 hominum
721 2012 868 2074 tenuitasa

102 2091 231 2164 Magnae
246 2091 360 2164 periclo
378 2097 448 2151 sunt
463 2107 539 2166 opes
556 2093 716 2154 obnoxiae.

449 2228 625 2287 FABULA
645 2231 691 2286 IX.

387 2324 534 2401 cnnvps
555 2325 605 2385 no
627 2324 759 2388 covas

144 2427 257 2486 Cervus
272 2427 443 2487 nemorosis
459 2428 606 2487 excitatus
622 2427 764 2497 latibulis

102 2511 141 2570 Ul
154 2515 334 2568 venatorum
349 2509 465 2582 lugeret
479 2510 641 2567 instantem
655 2524 770 2581 necem,
877 2554 879 2558 »

103 2594 200 2652 Caeco
216 2593 322 2651 timore
337 2591 508 2666 proximam
520 2593 624 2650 villam
638 2591 712 2667 petit

101 2677 138 2735 Et
152 2682 324 2751 opportuno
340 2690 375 2735 se
388 2675 483 2734 bovili
498 2675 643 2735 condidit.

101 2758 157 2817 Hic
173 2759 229 2818 bos
244 2759 362 2818 latenti:
392 2759 541 2831 Quidnam
555 2759 678 2819 voluisti
693 2759 754 2831 libi,

100 2842 218 2914 Infelix,
234 2843 313 2902 ultro
330 2842 382 2916 qui
397 2842 436 2900 ad
451 2858 556 2901 necem
572 2843 744 2902 cucurreris

100 2927 327 2999 Hominumque
340 2930 420 2983 tecto
436 2925 574 2999 spiritum
590 2926 800 2985 commiseris?

100 3014 141 3069 At
155 3010 204 3068 ille
220 3009 365 3083 supplex:
394 3008 460 3067 Vos
475 3008 577 3081 modo,
593 3008 698 3083 inquit,
715 3010 844 3084 parcire3

102 3091 272 3153 Occasione
287 3107 392 3152 rursus
408 3107 564 3165 erumpam
579 3093 659 3150 data.

102 3175 239 3250 Spatium
253 3177 314 3235 diei
327 3176 425 3236 noctis
441 3175 595 3250 excipiunt
607 3177 703 3236 vices.

99 3259 251 3318 Frondem
265 3259 416 3320 bubulcus
431 3261 530 3319 adfert
543 3275 600 3319 nec
616 3261 684 3320 ideo
702 3260 791 3318 videt.

99 3343 179 3401 Eunt
194 3341 323 3401 subinde
338 3350 367 3401 et
380 3344 508 3404 redeunt
523 3360 628 3405 omnes
643 3342 757 3414 rustici,

99 3425 194 3485 Nemo
212 3424 437 3484 animadvertit:
454 3429 560 3486 transit
574 3428 663 3487 etiam
681 3426 796 3499 vilicos
