2310 3810
485 210 601 276 LIBER
615 216 638 274 l.

89 356 164 418 Ovis
181 357 324 419 damnato
337 359 417 420 falso
431 363 606 424 testimonio

89 440 256 514 Quodnon
268 442 402 514 debebat
416 446 517 506 solvit
547 446 752 525 postpaucos
766 452 835 514 dies

86 523 204 585 Bidens
216 525 370 601 jacentem
383 527 415 586 in
430 528 522 590 lovea
536 526 831 609 conspexitlupum=
902 576 905 585 .

87 606 181 681 llaec,
197 609 304 686 inquit,
319 624 438 673 meroes
453 612 571 707 liaudis
585 629 605 675 e
619 608 740 692 superis
755 608 852 683 datur.

428 780 603 841 FABULA
621 783 684 840 XX.

351 870 499 955 nmina
517 892 765 961 rausuuuus.

128 1009 223 1070 Nemo
238 1008 367 1070 libenter
378 1009 486 1069 recolit
501 1009 553 1083 qui
567 1009 656 1070 laesit
668 1012 780 1073 loctun.

84 1093 220 1154 Instante
233 1100 323 1170 pertu
336 1092 444 1153 muller
458 1092 535 1169 actis
548 1093 706 1155 mensibus

83 1176 185 1237 Humo
196 1176 321 1252 iacebat
334 1175 454 1237 flebiles
468 1176 598 1251 gemtus
612 1177 709 1238 ciens.

83 1259 141 1318 Vir
154 1266 203 1320 est
217 1259 368 1332 hortans,
381 1274 493 1337 corpus
506 1261 586 1320 lecto
599 1261 760 1337 reciperet,
883 1259 886 1263 ’

84 1340 170 1402 Onus
184 1350 311 1404 naturae
325 1340 434 1406 melius
450 1356 512 1418 quo
527 1343 705 1419 deponeret.

81 1424 215 1499 Minime,
232 1427 337 1502 inquit,
353 1426 404 1486 illo
419 1439 516 1502 posse
530 1426 653 1487 conlido
667 1428 739 1488 loco

82 1507 198 1572 Melum
211 1509 300 1586 liniri,
317 1524 379 1587 quo
394 1517 576 1586 conceptum
590 1515 638 1570 est
650 1511 747 1572 initio.

421 1661 600 1718 innuen
618 1660 692 1716 XXI.

334 1769 475 1835 clidis
495 1770 795 1837 instetutus

24 1899 28 1905 ‘
121 1889 241 1953 Habent
253 1890 383 1973 insidiae
396 1889 708 1953 hominis'blanditiae
721 1890 807 1965 malis
825 1958 828 1963 ,

81 1975 164 2050 Quas
178 1981 212 2035 ut
225 1974 363 2054 vitemus,
379 1990 491 2037 versus
506 1974 638 2051 subjecti
652 1981 787 2036 monent.
803 1975 806 1981 '
879 2019 883 2025 -

123 2055 213 2118 danis
227 2058 400 2133 parturiens
416 2054 509 2134 quum
521 2063 664 2134 rogasset
678 2059 814 2133 alterum,
860 2116 863 2121 .

79 2140 121 2203 Ut
134 2141 228 2200 letum
241 2140 271 2200 in
286 2141 356 2216 ejus
368 2142 488 2217 tugurio
505 2142 682 2219 deponeret,
719 2140 734 2189 ss
767 2142 780 2197 .“

79 2223 183 2287 Facile
196 2223 383 2300 impetravit:
399 2222 511 2285 deinde
524 2223 699 2300 reposcenti
713 2223 814 2287 locum

79 2306 193 2369 Preces
208 2306 352 2381 admovit,
367 2312 488 2382 tempus
503 2322 637 2367 exorans
650 2306 755 2381 breve,
831 2368 835 2373 ,
904 2330 906 2335 ·

80 2391 161 2451 Dum
174 2390 325 2451 firmiores
340 2390 457 2450 catulos
470 2395 579 2466 posset
588 2389 716 2461 ducere.

79 2473 148 2534 Hoc
165 2488 288 2549 quoque
303 2470 483 2548 consumpto
498 2471 637 2549 flagitare
652 2471 783 2534 validius

83 2555 190 2618 Cubile
204 2557 315 2633 eoepit.
343 2555 377 2619 Si
391 2556 463 2617 mihi
478 2558 508 2619 et
521 2556 626 2617 turbae
641 2570 734 2635 meae
851 2550 860 2583 ⁸
905 2562 908 2568 '

79 2637 146 2713 Per,
162 2640 267 2716 inquit,
283 2655 355 2702 esse
368 2640 514 2717 potueris,
529 2639 639 2702 'cedem
653 2640 735 2702 loco.

408 2765 588 2869 n'neunn
606 2788 691 2846 xxu.
816 2768 818 2772 ’
881 2878 884 2887 ¹

350 2900 499 2968 biblis
525 2900 757 2999 Faddbldl.
894 2980 896 2987 Ι

122 3018 250 3085 Stultum
264 3021 425 3084 consilimn
438 3039 500 3084 nou
514 3014 608 3084 modo
624 3023 734 3084 ellectu
749 3029 839 3095 caret,

81 3105 146 3168 Sed
160 3106 201 3166 ad
214 3105 381 3182 perniciem
396 3121 520 3183 quoque
534 3106 679 3167 mortales
694 3107 835 3191 devocat.
896 3134 898 3139 -
935 3147 953 3168 ,.
1035 3109 1043 3125 ·

122 3190 244 3251 Corium
259 3188 441 3265 depressum
455 3189 486 3249 ln
500 3190 596 3252 ssrrvio
611 3190 752 3248 vidmunt
766 3199 871 3248 canos.

80 3275 117 3335 ld
131 3281 165 3335 ut
178 3286 319 3334 comesse
334 3276 500 3332 extractum
514 3277 643 3349 possent
656 3270 785 3345 lucilius,

80 3359 203 3433 Aquam
218 3372 349 3434 coepere
363 3355 501 3417 ebiberet
517 3354 574 3416 sed
588 3354 668 3432 ruptl
682 3355 767 3430 prius
794 3430 797 3439 Ι

36 3474 39 3479 -
80 3440 211 3517 Periere,
228 3456 320 3517 quem
334 3441 418 3519 quod
428 3439 581 3520 'petierunt
594 3439 812 3517 contingerent.
