2326 3810
131 216 174 280 84
248 217 419 278 PHAEDRI
439 215 684 278 FABULARUM
703 216 896 278 APPENDIX
915 215 966 276 111.
1055 223 1087 235 '

132 371 255 431 Hircutn
269 370 405 431 vitasset.
432 369 515 429 Tunc
530 366 581 429 ille
594 367 708 444 ignaris
721 371 775 443 rei,

130 455 266 516 Leonem
280 468 420 528 namque,
436 468 499 513 non
514 468 648 529 caprum,
664 459 883 529 conspexeram

132 536 199 598 Osi
214 538 342 612 sciretis,
357 538 474 597 hircum
490 539 610 612 qualem
624 551 682 611 ogo
698 537 833 613 fugerim,
1066 546 1083 599 5

131 618 199 682 Ndn
212 622 363 682 rideretis.
392 619 493 696 Saepe
508 621 553 681 sic
567 619 736 694 majoribus

131 705 180 765 Ab
194 705 337 766 interiore
352 705 443 766 stulte
458 703 620 766 obtrectari
635 703 723 764 solet

479 840 723 897 rasuram.
835 852 842 860 ·
887 920 892 929 ⁸

358 934 555 997 ettalus
585 935 641 997 ΕΤ
670 935 854 998 vitrola.

175 1040 314 1101 Gladium
326 1040 425 1100 viator
440 1055 532 1115 quum
544 1036 714 1097 invenisset
727 1037 758 1096 in
772 1037 823 1097 via

131 1125 294 1198 iacentem,
310 1122 521 1199 interrogavit:
544 1121 617 1196 Quis
630 1127 661 1179 te
675 1121 827 1195 perdidit?

133 1208 186 1273 Cui
199 1209 307 1270 telum:
336 1208 386 1268 Me
401 1207 525 1282 quidem
537 1219 627 1275 unus,
642 1204 754 1264 multos
770 1219 843 1264 vero
859 1218 927 1279 ego.

174 1293 272 1353 Homo
288 1293 386 1352 malus
400 1291 511 1352 multos
526 1287 635 1364 perdit,
651 1294 683 1348 at
697 1289 782 1348 solus
797 1288 884 1364 perit

470 1425 647 1482 FABULA
667 1426 727 1483 XII.

362 1518 510 1583 talias
539 1522 598 1584 ΕΤ
628 1521 846 1583 ARUNDO.

172 1623 290 1685 Abietis
306 1621 399 1682 orbor
412 1629 503 1682 vento
519 1631 626 1684 exorto
641 1623 737 1684 noluit

132 1707 174 1769 Sa
187 1706 328 1778 deoterc;
342 1705 432 1782 juxta
444 1722 519 1766 vero
534 1707 651 1767 arundo
669 1722 747 1781 quae
762 1707 850 1780 stetit,

132 1791 349 1866 Quamcunque
363 1790 394 1849 in
409 1796 526 1865 partam
540 1789 719 1852 flectebatur
733 1791 850 1867 spiritu.

131 1875 208 1936 Huic
223 1874 324 1935 abies:
354 1873 453 1948 Quare
466 1890 528 1935 non
543 1882 618 1949 stas,
633 1881 667 1935 ut
680 1889 747 1949 ego,
763 1875 909 1937 firnaitert

131 1958 303 2033 Respondit
315 1957 381 2016 illa:
408 1957 476 2018 Non
489 1965 573 2018 tanta
587 1965 635 2019 est
647 1959 743 2019 virtus
757 1974 835 2019 mea.
1064 1971 1081 2023 5

131 2041 205 2102 Post
217 2041 320 2116 paullo
336 2040 367 2099 in
381 2045 492 2101 terram
505 2050 614 2104 ventus
628 2042 750 2103 validus
765 2042 906 2105 arborem

133 2124 239 2188 Subito
254 2123 394 2202 projecit,
410 2129 440 2185 at
455 2125 568 2188 dimisit
582 2126 771 2188 arundinem.
826 2164 830 2171 -

175 2207 227 2270 Sic
241 2224 337 2287 saepo
350 2209 448 2270 elatus
463 2206 612 2285 demitur,
629 2211 701 2275 dum
715 2210 837 2272 humilis
851 2218 962 2273 manet.
