2326 3810
108 157 152 224 84
358 155 530 218 ΡΗΑΕΒΒΙ
550 153 792 219 FABULARUM

151 310 207 384 Qui
222 309 323 370 faeere
339 324 418 384 quae
433 323 495 369 non
508 314 641 384 possunt
654 307 757 370 verbis
771 262 901 384 elevent,

108 392 295 454 adscribere
308 392 369 453 hoe
383 390 538 452 debebunt
552 392 724 468 exemplum
739 392 807 454 sibi.
848 448 853 457 ,
965 413 970 420 ·

456 526 633 585 FABULA
652 526 701 584 tv.

375 620 545 697 EQUUS
575 619 635 683 ET
669 623 809 688 APER.

148 725 254 800 Equus
270 724 381 784 sedare
396 722 505 783 solitus
520 736 582 796 quo
596 723 694 784 fuerat
706 725 798 799 sitim,

106 810 185 870 Dum
200 823 271 868 sese
285 821 361 882 aper
373 806 499 878 volutat,
515 804 647 867 turbavit
659 808 782 869 vadum.

106 893 184 953 Hine
199 898 265 951 orta
279 890 317 952 us
334 895 390 949 est
420 887 552 966 Sonipes
566 889 662 952 iratus
675 892 741 952 fero

106 975 262 1036 Auxilium
276 973 362 1049 petiit
374 974 516 1047 hominis,
533 988 624 1048 quern
638 975 734 1038 dorso
748 977 857 1038 levans

106 1058 208 1119 Rediit
223 1057 264 1118 ad
277 1058 408 1118 hostem.
435 1057 530 1117 iactis
544 1058 626 1119 huno
640 1059 709 1120 telis
724 1075 820 1134 eques

106 1142 272 1217 Postquam
287 1141 445 1212 interfecit,
462 1140 507 1199 sio
523 1140 641 1200 locutus
655 1143 796 1203 traditur:

105 1226 218 1285 Laetor
230 1224 338 1284 tulisse
353 1223 498 1281 auxilium
511 1236 560 1280 me
574 1223 717 1298 precibus
732 1227 808 1297 tuis;

105 1309 181 1367 Nam
195 1308 342 1384 praedam
357 1305 425 1380 eepi
440 1311 471 1364 et
484 1306 587 1379 didici,
604 1323 694 1382 quarn
709 1310 757 1372 sis'
768 1310 867 1370 utilia

105 1394 208 1466 Atque
222 1390 263 1449 ita
278 1388 379 1464 coegit
392 1389 496 1448 frenos
511 1389 639 1451 invitum
652 1393 724 1468 pati.

105 1475 179 1534 Tum
193 1482 327 1532 maestus
343 1473 407 1531 ille:
422 1471 539 1532 Parvae
552 1474 717 1536 vindictam
730 1478 777 1538 rei

104 1557 183 1618 Dum
199 1571 313 1632 quaero
329 1557 465 1630 demenS,
481 1557 657 1618 servitutem
670 1561 803 1636 repperi.

146 1642 229 1701 Haeo
243 1640 408 1701 iracundos
422 1639 598 1701 admonebit
612 1641 730 1704 fabular

105 1726 231 1801 Impune
245 1724 347 1799 potius
363 1723 444 1784 laedi
459 1741 551 1799 quam
565 1725 638 1787 dedi
653 1727 749 1788 atteri.

464 1858 639 1952 insuta
658 1860 693 1916 V.

514 1954 647 2018 Ponat.

145 2059 217 2118 Pius
232 2072 304 2118 esse
318 2057 349 2117 in
363 2071 425 2117 uno
440 2070 536 2130 saepe
551 2071 643 2131 quam
656 2054 688 2113 in
703 2055 789 2117 turbo
802 2055 885 2131 boni,

104 2141 282 2204 Narratione
296 2141 430 2217 posteris
444 2140 563 2201 tradam
576 2138 672 2200 brevi.

147 2225 275 2301 Quidam
289 2225 445 2286 decedens
459 2230 521 2284 tres
534 2223 657 2299 reliquit
670 2222 765 2284 filias:

104 2312 202 2372 Unam
217 2311 384 2371 formosam
398 2316 428 2371 et
442 2308 540 2370 oeulis
554 2313 717 2369 venantem
733 2306 832 2378 viros;
916 2360 919 2367 .

103 2396 145 2454 At
159 2394 283 2453 alteram
298 2393 450 2453 lanificam
463 2400 495 2453 et
509 2392 596 2466 frugi,
611 2391 773 2463 rusticam3

104 2478 254 2537 Devotam
268 2476 340 2535 vino
353 2476 473 2535 tertiam
486 2481 517 2534 et
529 2474 746 2548 turpissimam.

103 2559 217 2620 Harum
232 2564 332 2618 autern
346 2564 472 2617 matrem
486 2557 558 2616 feeit
570 2557 716 2617 heredem
731 2573 828 2620 senex

105 2642 168 2705 Sub
184 2642 368 2715 conditione,
383 2648 477 2702 totam
490 2647 523 2701 ut
536 2641 687 2702 fortunam
700 2639 797 2703 tribus

103 2726 281 2801 Aequaliter
294 2724 462 2801 distribuat,
477 2726 534 2789 sed
547 2725 600 2786 tali
613 2725 722 2786 modo=

104 2811 149 2870 Ne
165 2810 236 2869 data
249 2809 431 2884 possideant
445 2816 497 2870 aut
511 2810 662 2882 fruantur;
677 2817 749 2882 tum,
766 2810 861 2877 simut

102 2891 224 2954 Habere
238 2907 290 2952 res
305 2891 459 2966 desierint,
476 2909 553 2967 quas
568 2893 751 2969 acceperint,

104 2979 238 3039 Centena
251 2975 340 3036 matri
354 2975 512 3035 conferant
526 2974 675 3035 sestertia.

102 3062 240 3122 Athenas
254 3075 359 3120 rumor
372 3060 486 3136 implet.
514 3058 612 3119 Mater
626 3059 735 3119 sedula

102 3145 183 3205 Juris
198 3144 314 3220 peritos
329 3144 474 3216 consultu
490 3159 580 3207 nemo
595 3144 729 3220 expedit,

104 3229 169 3303 Quo
185 3234 275 3302 paeto
290 3245 352 3289 non
366 3229 557 3306 possideant,
572 3229 657 3304 quod
670 3229 760 3292 fuerit
774 3230 885 3302 datum,

102 3312 283 3371 Fmotumve
298 3313 434 3388 eapient3
451 3313 563 3375 deinde
579 3328 659 3390 quae
671 3314 792 3377 tulerint
801 3312 885 3389 nihii,

103 3395 238 3470 Quanam
251 3393 368 3457 ratione
382 3397 539 3460 conferant
551 3398 721 3474 pecuniam.

1019 3238 1055 3291 10
