2326 3810
425 229 620 291 APPENDIX
639 230 691 289 111.
767 243 773 251 “

81 385 117 443 ut
132 385 170 444 de
185 384 254 461 ipso
270 382 372 459 capite
385 383 470 444 nudo
484 381 666 457 sanguinem
679 381 785 444 bibant
850 430 853 437 .

79 469 116 527 Et
129 474 241 544 postea
254 468 392 529 foedent!
424 467 537 527 Calvus
550 466 597 526 iro
610 466 745 542 percitus
787 508 790 513 >
808 506 811 515 .

80 551 221 612 Gladium
235 551 379 627 evaginat
392 556 490 627 atque.
501 549 643 611 interficit
656 548 839 626 improbum.
924 532 927 537 ¹

119 634 204 696 Haec
219 635 333 712 scripta
346 641 394 705 est
407 634 467 695 illis
483 633 595 708 fabula,
611 633 664 709 qui
677 630 852 710 petentibus

78 718 140 779 Nec
154 719 288 781 tribuunt
302 718 469 810 quicquum
482 733 540 779 nec
554 718 744 793 respondent
757 719 876 780 leniter.

431 833 610 911 sunnin
630 856 663 910 11.

300 946 481 1030 cerutus
503 947 628 1014 otrus
648 951 698 1013 ET
718 949 806 1037 11118.

119 1050 223 1110 Catum
237 1050 358 1126 rogavit
371 1050 499 1128 ceorlus,
514 1057 548 1113 ut
562 1053 772 1117 conscendere

59 1134 195 1194 ·Lieeret
208 1141 326 1210 tergum
340 1141 371 1195 et
383 1135 531 1211 praedam
545 1152 650 1198 secum
666 1133 834 1213 quaereret.
860 1136 863 1141 ’
930 1154 935 1161 ’

78 1219 190 1278 Venari
205 1218 347 1294 quamvis
361 1219 481 1281 animus
496 1235 559 1282 non
574 1230 667 1298 esset
681 1218 783 1281 tamon

77 1302 169 1362 Catus
185 1302 349 1362 concessit„
379 1301 553 1379 Proximam
568 1306 610 1366 ad
623 1305 719 1366 muris
733 1305 858 1365 domum

75 1384 193 1447 Pullum
204 1386 348 1462 portavit
377 1384 443 1459 Quo
459 1393 552 1463 quum
565 1389 732 1465 venissent,
748 1388 813 1449 sibi.

73 1468 184 1528 Amica
197 1485 277 1530 voce
290 1476 324 1531 ut
337 1477 523 1550 provocaret
536 1474 717 1548 musculum,

75 1551 183 1614 Petivit
197 1554 324 1617 catulus.
351 1553 470 1615 Vocem
484 1561 516 1616 ut
530 1557 622 1630 audit,
638 1557 680 1616 od
694 1556 805 1616 ostium

77 1635 183 1697 Statim
197 1638 280 1698 venit
294 1653 362 1698 mus
378 1645 486 1712 atque:
509 1638 595 1714 Quid,
611 1639 660 1715 ait,
678 1639 844 1714 quaeritisr

74 1720 152 1782 Huic
165 1721 223 1781 illi=
244 1721 411 1796 Volumus·
420 1721 567 1797 inquiunt,
582 1728 683 1784 tecum¹
697 1723 792 1798 toqui.

74 1804 152 1879 Mus,
170 1805 221 1880 qui
237 1806 384 1882 cognovit
398 1806 559 1867 consilium
574 1807 665 1883 coqui
679 1808 806 1868 malum·

74 1887 185 1949 Peneos
201 1889 313 1966 etipse
328 1894 358 1950 et
371 1889 422 1949 1110
437 1896 575 1965 superte
590 1909 642 1967 qur
634 1891 760 1963 ’10011ος

12 1989 17 1994 ·
74 1972 154 2032 Mate
168 1973 228 2034 huc
242 1973 388 2054 veneritis
403 1979 434 2035 01
446 1974 526 2034 male
540 1975 581 2035 sit
593 1975 806 2039 redeuntibus!

75 2056 166 2116 Cotus
180 2059 291 2117 reverti
307 2075 358 2134 qm
349 2056 511 2120 voluerat
524 2058 605 2121 illico

75 2139 227 2201 conviciis
243 2139 381 2202 offensus
395 2141 490 2201 muris
504 2143 613 2202 restitit

73 2223 118 2297 Et
136 2241 229 2299 quum
243 2240 371 2287 securus
385 2223 551 2300 prodisset,
567 2227 628 2287 1010
644 2224 738 2287 dedit.
840 2272 843 2277 Α

115 2307 199 2367 Bene
215 2308 267 2383 qui
281 2324 343 2368 non
357 2313 490 2384 possunt
502 2298 644 2371 hostibus
659 2307 744 2384 loqui
758 2308 832 2381 suis,

73 2391 248 2452 inimicitias
262 2391 422 2471 imponunt
435 2390 594 2467 graviores
610 2390 678 2455 sibi

422 2530 599 2590 FABULA
619 2529 665 2594 111.

332 2626 432 2691 LEO
467 2629 531 2691 ΕΤ
566 2626 761 2702 EQUUS.

113 2731 233 2805 Equum
248 2736 426 2806 pascentem
440 2730 471 2789 in
485 2737 574 2806 prato
589 2735 622 2791 ut
636 2728 756 2803 tolleret
768 2728 827 2800 leo,

71 2813 224 2877 Medicum
238 2829 273 2873 se
287 2812 394 2874 dicens
409 2813 541 2874 accessit
555 2811 713 2874 subtiliter.

70 2897 181 2957 Dolum
195 2896 368 2973 praesensit
382 2896 518 2975 sonipes,
535 2895 669 2958 oiflcium
683 2901 785 2956 tamen

71 2982 138 3041 Non
151 2981 333 3057 repudiavit
360 2980 527 3058 Postquam
540 2986 665 3041 ventum
679 2985 727 3040 est
739 2978 779 3040 cd
794 2978 902 3053 locum,

70 3064 177 3139 Equus
193 3064 345 3140 quaesivit
357 3067 528 3127 consilium.
557 3065 685 3125 Invento
701 3061 760 3123 cito

71 3147 112 3208 Se
127 3147 253 3224 stirpem
266 3145 380 3209 habere
395 3148 481 3209 finxit
495 3150 643 3209 calcatam
657 3148 739 3223 pede

69 3232 107 3291 Et
119 3231 181 3292 hoc
194 3231 311 3291 levato=
334 3231 446 3307 Frater,
463 3234 568 3308 inquit,
583 3232 720 3308 gratulor

70 3314 136 3376 Huc
149 3322 180 3376 10
193 3315 334 3386 venisse;
351 3312 446 3391 stirpe
460 3332 514 3376 oro
529 3324 563 3377 ut
576 3331 625 3375 me
638 3314 762 3375 liberes.

69 3398 162 3473 Quasi
178 3405 369 3462 extracturus
383 3399 468 3462 illam
479 3406 518 3463 ut
529 3399 748 3468 occessitteo,

59 3481 261 3546 Tmcutentoe
276 3486 384 3550 calces
399 3487 491 3551 dedit
505 3502 616 3565 equus
626 3481 805 3546 sennenn.
853 3559 874 3607 n

87 3579 264 3629 rnnronos.

1006 3076 1022 3126 5
