<?xml version="1.0" encoding="UTF-8"?>
<!DOCTYPE html PUBLIC "-//W3C//DTD XHTML 1.0 Transitional//EN"
    "http://www.w3.org/TR/xhtml1/DTD/xhtml1-transitional.dtd">
<html xmlns="http://www.w3.org/1999/xhtml" xml:lang="en" lang="en">
 <head>
  <title>
</title>
<meta http-equiv="Content-Type" content="text/html;charset=utf-8" />
  <meta name='ocr-system' content='tesseract 3.04.00' />
  <meta name='ocr-capabilities' content='ocr_page ocr_carea ocr_par ocr_line ocrx_word'/>
</head>
<body>
  <div class='ocr_page' id='page_1' title='image "./phaedriaugustil02phaegoog_0076.png"; bbox 0 0 2326 3810; ppageno 0'>
   <div class='ocr_carea' id='block_1_1' title="bbox 364 178 798 252">
    <p class='ocr_par' dir='ltr' id='par_1_1' title="bbox 364 178 798 252">
     <span class='ocr_line' id='line_1_1' title="bbox 364 178 798 252; baseline 0.005 -1"><span class='ocrx_word' id='word_1_1' title='bbox 364 183 371 236; x_wconf 77' lang='grc' dir='ltr'><em>ῑ</em></span> <span class='ocrx_word' id='word_1_2' title='bbox 462 180 654 252; x_wconf 70' lang='lat' dir='ltr'><strong>crannum</strong></span> <span class='ocrx_word' id='word_1_3' title='bbox 674 193 702 252; x_wconf 91' lang='lat'><strong>1.</strong></span> <span class='ocrx_word' id='word_1_4' title='bbox 791 178 798 187; x_wconf 86' lang='lat'>&#39;</span> 
     </span>
    </p>
   </div>
   <div class='ocr_carea' id='block_1_2' title="bbox 57 335 967 753">
    <p class='ocr_par' dir='ltr' id='par_1_2' title="bbox 57 335 967 670">
     <span class='ocr_line' id='line_1_2' title="bbox 104 335 822 422; baseline -0.003 -17"><span class='ocrx_word' id='word_1_5' title='bbox 104 344 152 404; x_wconf 78' lang='lat' dir='ltr'><strong>iix</strong></span> <span class='ocrx_word' id='word_1_6' title='bbox 164 335 239 417; x_wconf 82' lang='lat' dir='ltr'><strong>toto,</strong></span> <span class='ocrx_word' id='word_1_7' title='bbox 255 359 294 402; x_wconf 90' lang='lat' dir='ltr'><strong>ne</strong></span> <span class='ocrx_word' id='word_1_8' title='bbox 310 343 383 418; x_wconf 88' lang='lat' dir='ltr'><strong>quid</strong></span> <span class='ocrx_word' id='word_1_9' title='bbox 400 343 532 422; x_wconf 71' lang='lat' dir='ltr'><strong>scalpas,</strong></span> <span class='ocrx_word' id='word_1_10' title='bbox 548 342 623 418; x_wconf 90' lang='lat' dir='ltr'><strong>quid</strong></span> <span class='ocrx_word' id='word_1_11' title='bbox 640 344 822 404; x_wconf 69' lang='lat' dir='ltr'><strong>desideras?</strong></span> 
     </span>
     <span class='ocr_line' id='line_1_3' title="bbox 57 427 833 501; baseline -0.004 -13"><span class='ocrx_word' id='word_1_12' title='bbox 57 480 60 487; x_wconf 95' lang='lat'>.</span> <span class='ocrx_word' id='word_1_13' title='bbox 102 428 178 488; x_wconf 88' lang='lat' dir='ltr'><strong>Tum</strong></span> <span class='ocrx_word' id='word_1_14' title='bbox 193 427 326 501; x_wconf 91' lang='lat' dir='ltr'><strong>denique</strong></span> <span class='ocrx_word' id='word_1_15' title='bbox 340 427 393 486; x_wconf 88' lang='lat' dir='ltr'><strong>illa</strong></span> <span class='ocrx_word' id='word_1_16' title='bbox 406 427 492 488; x_wconf 86' lang='lat' dir='ltr'><strong>fassa</strong></span> <span class='ocrx_word' id='word_1_17' title='bbox 505 433 552 487; x_wconf 89' lang='lat' dir='ltr'><strong>est</strong></span> <span class='ocrx_word' id='word_1_18' title='bbox 566 433 692 487; x_wconf 89' lang='lat' dir='ltr'><strong>naturae</strong></span> <span class='ocrx_word' id='word_1_19' title='bbox 706 429 833 487; x_wconf 77' lang='lat' dir='ltr'><strong>malum=</strong></span> 
     </span>
     <span class='ocr_line' id='line_1_4' title="bbox 104 509 967 587; baseline 0 -16"><span class='ocrx_word' id='word_1_20' title='bbox 104 511 189 571; x_wconf 81' lang='lat' dir='ltr'>Licet</span> <span class='ocrx_word' id='word_1_21' title='bbox 201 511 344 570; x_wconf 89' lang='lat' dir='ltr'><strong>horreum</strong></span> <span class='ocrx_word' id='word_1_22' title='bbox 357 509 430 570; x_wconf 90' lang='lat' dir='ltr'><strong>mihi</strong></span> <span class='ocrx_word' id='word_1_23' title='bbox 445 516 556 586; x_wconf 87' lang='lat' dir='ltr'><strong>pateat,</strong></span> <span class='ocrx_word' id='word_1_24' title='bbox 572 526 630 585; x_wconf 88' lang='lat' dir='ltr'><strong>ego</strong></span> <span class='ocrx_word' id='word_1_25' title='bbox 646 511 783 587; x_wconf 80' lang='lat' dir='ltr'><strong>scalpam</strong></span> <span class='ocrx_word' id='word_1_26' title='bbox 795 519 906 571; x_wconf 89' lang='lat' dir='ltr'><strong>tamen.</strong></span> <span class='ocrx_word' id='word_1_27' title='bbox 959 512 967 539; x_wconf 89' lang='lat'>&#39;</span> 
     </span>
     <span class='ocr_line' id='line_1_5' title="bbox 104 594 682 670; baseline -0.003 -14"><span class='ocrx_word' id='word_1_28' title='bbox 104 594 224 656; x_wconf 85' lang='lat' dir='ltr'>Risisse</span> <span class='ocrx_word' id='word_1_29' title='bbox 237 594 316 653; x_wconf 85' lang='lat' dir='ltr'><strong>Juno</strong></span> <span class='ocrx_word' id='word_1_30' title='bbox 332 594 442 655; x_wconf 90' lang='lat' dir='ltr'><strong>dicitur</strong></span> <span class='ocrx_word' id='word_1_31' title='bbox 454 594 585 653; x_wconf 87' lang='lat' dir='ltr'><strong>Veneris</strong></span> <span class='ocrx_word' id='word_1_32' title='bbox 597 595 682 670; x_wconf 88' lang='lat' dir='ltr'><strong>joco,</strong></span> 
     </span>
    </p>

    <p class='ocr_par' dir='ltr' id='par_1_3' title="bbox 106 677 729 753">
     <span class='ocr_line' id='line_1_6' title="bbox 106 677 729 753; baseline 0.002 -16"><span class='ocrx_word' id='word_1_33' title='bbox 106 677 181 752; x_wconf 79' lang='lat' dir='ltr'><strong>Quia</strong></span> <span class='ocrx_word' id='word_1_34' title='bbox 192 694 249 753; x_wconf 86' lang='lat' dir='ltr'><strong>per</strong></span> <span class='ocrx_word' id='word_1_35' title='bbox 261 677 402 752; x_wconf 82' lang='lat' dir='ltr'>gallinam</span> <span class='ocrx_word' id='word_1_36' title='bbox 420 678 575 738; x_wconf 85' lang='lat' dir='ltr'><strong>denotavit</strong></span> <span class='ocrx_word' id='word_1_37' title='bbox 589 678 729 738; x_wconf 84' lang='lat' dir='ltr'><strong>feminas.</strong></span> 
     </span>
    </p>
   </div>
   <div class='ocr_carea' id='block_1_3' title="bbox 463 863 695 920">
    <p class='ocr_par' dir='ltr' id='par_1_4' title="bbox 463 863 695 920">
     <span class='ocr_line' id='line_1_7' title="bbox 463 863 695 920; baseline 0.004 -3"><span class='ocrx_word' id='word_1_38' title='bbox 463 863 639 920; x_wconf 88' lang='lat' dir='ltr'><strong>FABULA</strong></span> <span class='ocrx_word' id='word_1_39' title='bbox 658 865 695 920; x_wconf 90' lang='lat' dir='ltr'><strong>X.</strong></span> 
     </span>
    </p>
   </div>
   <div class='ocr_carea' id='block_1_4' title="bbox 57 973 863 1154">
    <p class='ocr_par' dir='ltr' id='par_1_5' title="bbox 57 973 863 1154">
     <span class='ocr_line' id='line_1_8' title="bbox 57 973 863 1075; baseline 0.002 -41"><span class='ocrx_word' id='word_1_40' title='bbox 57 1068 59 1075; x_wconf 28' lang='grc' dir='ltr'>Ι</span> <span class='ocrx_word' id='word_1_41' title='bbox 294 973 594 1036; x_wconf 78' lang='lat' dir='ltr'><strong>PATERFAMILIAS</strong></span> <span class='ocrx_word' id='word_1_42' title='bbox 614 975 664 1036; x_wconf 85' lang='lat' dir='ltr'><strong>ET</strong></span> <span class='ocrx_word' id='word_1_43' title='bbox 683 975 863 1039; x_wconf 81' lang='lat' dir='ltr'><strong>AESOPUS.</strong></span> 
     </span>
     <span class='ocr_line' id='line_1_9' title="bbox 146 1092 771 1154; baseline 0 -1"><span class='ocrx_word' id='word_1_44' title='bbox 146 1092 364 1153; x_wconf 75' lang='lat' dir='ltr'><strong>Paterfamilias</strong></span> <span class='ocrx_word' id='word_1_45' title='bbox 380 1108 507 1154; x_wconf 86' lang='lat' dir='ltr'><strong>saevum</strong></span> <span class='ocrx_word' id='word_1_46' title='bbox 521 1093 653 1153; x_wconf 85' lang='lat' dir='ltr'><strong>habebat</strong></span> <span class='ocrx_word' id='word_1_47' title='bbox 667 1093 771 1153; x_wconf 84' lang='lat' dir='ltr'><strong>tilium.</strong></span> 
     </span>
    </p>
   </div>
   <div class='ocr_carea' id='block_1_5' title="bbox 104 1169 918 1253">
    <p class='ocr_par' dir='ltr' id='par_1_6' title="bbox 104 1169 918 1253">
     <span class='ocr_line' id='line_1_10' title="bbox 104 1169 918 1253; baseline 0.002 -16"><span class='ocrx_word' id='word_1_48' title='bbox 104 1176 192 1238; x_wconf 88' lang='lat' dir='ltr'><strong>Hice</strong></span> <span class='ocrx_word' id='word_1_49' title='bbox 208 1182 375 1252; x_wconf 89' lang='lat' dir='ltr'><strong>conspectu</strong></span> <span class='ocrx_word' id='word_1_50' title='bbox 391 1194 484 1250; x_wconf 91' lang='lat' dir='ltr'><strong>quum</strong></span> <span class='ocrx_word' id='word_1_51' title='bbox 497 1179 593 1253; x_wconf 83' lang='lat' dir='ltr'><strong>patris</strong></span> <span class='ocrx_word' id='word_1_52' title='bbox 607 1186 787 1253; x_wconf 80' lang='lat' dir='ltr'><strong>recesserat,</strong></span> <span class='ocrx_word' id='word_1_53' title='bbox 908 1169 918 1186; x_wconf 75' lang='lat'><strong>⁹</strong></span> 
     </span>
    </p>
   </div>
   <div class='ocr_carea' id='block_1_6' title="bbox 57 1260 899 2335">
    <p class='ocr_par' dir='ltr' id='par_1_7' title="bbox 104 1260 739 1337">
     <span class='ocr_line' id='line_1_11' title="bbox 104 1260 739 1337; baseline 0.005 -17"><span class='ocrx_word' id='word_1_54' title='bbox 104 1260 294 1320; x_wconf 83' lang='lat' dir='ltr'><strong>Verberibus</strong></span> <span class='ocrx_word' id='word_1_55' title='bbox 310 1275 419 1320; x_wconf 91' lang='lat' dir='ltr'><strong>servos</strong></span> <span class='ocrx_word' id='word_1_56' title='bbox 435 1261 588 1321; x_wconf 80' lang='lat' dir='ltr'><strong>afficiebat</strong></span> <span class='ocrx_word' id='word_1_57' title='bbox 601 1262 739 1337; x_wconf 88' lang='lat' dir='ltr'><strong>plurimis</strong></span> 
     </span>
    </p>

    <p class='ocr_par' dir='ltr' id='par_1_8' title="bbox 98 1338 861 1752">
     <span class='ocr_line' id='line_1_12' title="bbox 98 1338 743 1405; baseline 0 -1"><span class='ocrx_word' id='word_1_58' title='bbox 98 1338 142 1404; x_wconf 72' lang='lat' dir='ltr'><strong>‘Et</strong></span> <span class='ocrx_word' id='word_1_59' title='bbox 156 1343 318 1404; x_wconf 82' lang='lat' dir='ltr'><strong>exercebat</strong></span> <span class='ocrx_word' id='word_1_60' title='bbox 333 1344 480 1403; x_wconf 75' lang='lat' dir='ltr'><strong>fervidam</strong></span> <span class='ocrx_word' id='word_1_61' title='bbox 495 1345 743 1405; x_wconf 91' lang='lat' dir='ltr'><strong>adolescentiam.</strong></span> 
     </span>
     <span class='ocr_line' id='line_1_13' title="bbox 105 1424 771 1503; baseline -0.005 -16"><span class='ocrx_word' id='word_1_62' title='bbox 105 1430 249 1503; x_wconf 82' lang='lat' dir='ltr'><strong>Aesopus</strong></span> <span class='ocrx_word' id='word_1_63' title='bbox 265 1442 338 1502; x_wconf 88' lang='lat' dir='ltr'><strong>ergo</strong></span> <span class='ocrx_word' id='word_1_64' title='bbox 353 1434 455 1488; x_wconf 86' lang='lat' dir='ltr'><strong>narrat</strong></span> <span class='ocrx_word' id='word_1_65' title='bbox 468 1424 675 1488; x_wconf 77' lang='lat' dir='ltr'><strong>hoc&#39;breviter</strong></span> <span class='ocrx_word' id='word_1_66' title='bbox 689 1429 771 1489; x_wconf 87' lang='lat' dir='ltr'><strong>seni:</strong></span> 
     </span>
     <span class='ocr_line' id='line_1_14' title="bbox 106 1510 861 1587; baseline 0.001 -17"><span class='ocrx_word' id='word_1_67' title='bbox 106 1511 233 1586; x_wconf 80' lang='lat' dir='ltr'><strong>Quidum</strong></span> <span class='ocrx_word' id='word_1_68' title='bbox 245 1510 380 1586; x_wconf 77' lang='lat' dir='ltr'><strong>Juvenco</strong></span> <span class='ocrx_word' id='word_1_69' title='bbox 393 1513 527 1572; x_wconf 84' lang='lat' dir='ltr'><strong>vetulum</strong></span> <span class='ocrx_word' id='word_1_70' title='bbox 541 1512 727 1587; x_wconf 86' lang='lat' dir='ltr'><strong>adjungebat</strong></span> <span class='ocrx_word' id='word_1_71' title='bbox 740 1513 861 1572; x_wconf 88' lang='lat' dir='ltr'><strong>bovem.</strong></span> 
     </span>
     <span class='ocr_line' id='line_1_15' title="bbox 100 1594 748 1670; baseline -0.002 -16"><span class='ocrx_word' id='word_1_72' title='bbox 100 1595 135 1655; x_wconf 80' lang='lat' dir='ltr'><strong>Is</strong></span> <span class='ocrx_word' id='word_1_73' title='bbox 151 1611 243 1669; x_wconf 91' lang='lat' dir='ltr'><strong>quum</strong></span> <span class='ocrx_word' id='word_1_74' title='bbox 256 1594 411 1669; x_wconf 79' lang='lat' dir='ltr'><strong>refugiens</strong></span> <span class='ocrx_word' id='word_1_75' title='bbox 426 1596 534 1670; x_wconf 88' lang='lat' dir='ltr'><strong>impari</strong></span> <span class='ocrx_word' id='word_1_76' title='bbox 550 1597 628 1655; x_wconf 92' lang='lat' dir='ltr'><strong>collo</strong></span> <span class='ocrx_word' id='word_1_77' title='bbox 640 1597 748 1670; x_wconf 87' lang='lat' dir='ltr'><strong>jugum</strong></span> 
     </span>
     <span class='ocr_line' id='line_1_16' title="bbox 104 1678 689 1752; baseline -0.007 -14"><span class='ocrx_word' id='word_1_78' title='bbox 104 1679 223 1738; x_wconf 85' lang='lat' dir='ltr'><strong>Aetatis</strong></span> <span class='ocrx_word' id='word_1_79' title='bbox 239 1685 402 1749; x_wconf 64' lang='lat' dir='ltr'><strong>cucusaret</strong></span> <span class='ocrx_word' id='word_1_80' title='bbox 414 1679 497 1737; x_wconf 87' lang='lat' dir='ltr'><strong>vires</strong></span> <span class='ocrx_word' id='word_1_81' title='bbox 513 1678 689 1752; x_wconf 62' lang='lat' dir='ltr'><strong>languidam</strong></span> 
     </span>
    </p>

    <p class='ocr_par' dir='ltr' id='par_1_9' title="bbox 105 1761 810 2002">
     <span class='ocr_line' id='line_1_17' title="bbox 105 1761 791 1837; baseline 0 -15"><span class='ocrx_word' id='word_1_82' title='bbox 105 1763 172 1822; x_wconf 86' lang='lat' dir='ltr'><strong>Non</strong></span> <span class='ocrx_word' id='word_1_83' title='bbox 187 1769 234 1822; x_wconf 85' lang='lat' dir='ltr'><strong>est</strong></span> <span class='ocrx_word' id='word_1_84' title='bbox 249 1762 332 1836; x_wconf 93' lang='lat' dir='ltr'><strong>quod</strong></span> <span class='ocrx_word' id='word_1_85' title='bbox 346 1761 463 1837; x_wconf 89' lang='lat' dir='ltr'><strong>timeas,</strong></span> <span class='ocrx_word' id='word_1_86' title='bbox 478 1762 575 1836; x_wconf 90' lang='lat' dir='ltr'><strong>inquit</strong></span> <span class='ocrx_word' id='word_1_87' title='bbox 588 1762 630 1820; x_wconf 89' lang='lat' dir='ltr'><strong>ilii</strong></span> <span class='ocrx_word' id='word_1_88' title='bbox 643 1762 791 1832; x_wconf 86' lang='lat' dir='ltr'><strong>rusticus;</strong></span> 
     </span>
     <span class='ocr_line' id='line_1_18' title="bbox 105 1844 810 1920; baseline 0.004 -17"><span class='ocrx_word' id='word_1_89' title='bbox 105 1845 171 1904; x_wconf 89' lang='lat' dir='ltr'><strong>Non</strong></span> <span class='ocrx_word' id='word_1_90' title='bbox 185 1853 218 1905; x_wconf 89' lang='lat' dir='ltr'><strong>ut</strong></span> <span class='ocrx_word' id='word_1_91' title='bbox 231 1844 353 1906; x_wconf 87' lang='lat' dir='ltr'><strong>iabores</strong></span> <span class='ocrx_word' id='word_1_92' title='bbox 367 1845 456 1920; x_wconf 83' lang='lat' dir='ltr'><strong>facio,</strong></span> <span class='ocrx_word' id='word_1_93' title='bbox 471 1846 528 1905; x_wconf 90' lang='lat' dir='ltr'><strong>sed</strong></span> <span class='ocrx_word' id='word_1_94' title='bbox 542 1853 574 1906; x_wconf 90' lang='lat' dir='ltr'><strong>ut</strong></span> <span class='ocrx_word' id='word_1_95' title='bbox 588 1847 678 1906; x_wconf 92' lang='lat' dir='ltr'><strong>istum</strong></span> <span class='ocrx_word' id='word_1_96' title='bbox 693 1847 810 1919; x_wconf 88' lang='lat' dir='ltr'><strong>domes,</strong></span> 
     </span>
     <span class='ocr_line' id='line_1_19' title="bbox 107 1930 797 2002; baseline 0.003 -16"><span class='ocrx_word' id='word_1_97' title='bbox 107 1930 165 2002; x_wconf 79' lang='lat' dir='ltr'><strong>Qui</strong></span> <span class='ocrx_word' id='word_1_98' title='bbox 177 1930 260 1988; x_wconf 88' lang='lat' dir='ltr'><strong>calce</strong></span> <span class='ocrx_word' id='word_1_99' title='bbox 275 1936 304 1988; x_wconf 92' lang='lat' dir='ltr'><strong>et</strong></span> <span class='ocrx_word' id='word_1_100' title='bbox 319 1945 415 1990; x_wconf 89' lang='lat' dir='ltr'><strong>cornu</strong></span> <span class='ocrx_word' id='word_1_101' title='bbox 428 1931 539 1990; x_wconf 87' lang='lat' dir='ltr'><strong>multos</strong></span> <span class='ocrx_word' id='word_1_102' title='bbox 553 1930 655 1990; x_wconf 86' lang='lat' dir='ltr'><strong>reddit</strong></span> <span class='ocrx_word' id='word_1_103' title='bbox 669 1931 797 1991; x_wconf 78' lang='lat' dir='ltr'><strong>debiles.</strong></span> 
     </span>
    </p>

    <p class='ocr_par' dir='ltr' id='par_1_10' title="bbox 104 2010 826 2254">
     <span class='ocr_line' id='line_1_20' title="bbox 106 2010 826 2090; baseline 0.007 -19"><span class='ocrx_word' id='word_1_104' title='bbox 106 2010 144 2072; x_wconf 83' lang='lat' dir='ltr'><strong>Et</strong></span> <span class='ocrx_word' id='word_1_105' title='bbox 156 2020 189 2072; x_wconf 91' lang='lat' dir='ltr'><strong>tu</strong></span> <span class='ocrx_word' id='word_1_106' title='bbox 202 2013 261 2073; x_wconf 92' lang='lat' dir='ltr'><strong>nisi</strong></span> <span class='ocrx_word' id='word_1_107' title='bbox 276 2013 366 2073; x_wconf 87' lang='lat' dir='ltr'><strong>istum</strong></span> <span class='ocrx_word' id='word_1_108' title='bbox 379 2020 479 2073; x_wconf 89' lang='lat' dir='ltr'><strong>tecum</strong></span> <span class='ocrx_word' id='word_1_109' title='bbox 494 2015 621 2075; x_wconf 91' lang='lat' dir='ltr'><strong>assidue</strong></span> <span class='ocrx_word' id='word_1_110' title='bbox 635 2015 747 2076; x_wconf 89' lang='lat' dir='ltr'><strong>retines</strong></span> <span class='ocrx_word' id='word_1_111' title='bbox 818 2053 826 2090; x_wconf 82' lang='grc'>,</span> 
     </span>
     <span class='ocr_line' id='line_1_21' title="bbox 104 2094 804 2174; baseline 0.006 -20"><span class='ocrx_word' id='word_1_112' title='bbox 104 2094 264 2172; x_wconf 83' lang='lat' dir='ltr'><strong>Feroxque</strong></span> <span class='ocrx_word' id='word_1_113' title='bbox 279 2097 432 2170; x_wconf 83' lang='lat' dir='ltr'><strong>ingenium</strong></span> <span class='ocrx_word' id='word_1_114' title='bbox 447 2099 621 2174; x_wconf 89' lang='lat' dir='ltr'><strong>comprimis</strong></span> <span class='ocrx_word' id='word_1_115' title='bbox 637 2098 804 2172; x_wconf 80' lang='lat' dir='ltr'><strong>clementia,</strong></span> 
     </span>
     <span class='ocr_line' id='line_1_22' title="bbox 104 2178 804 2254; baseline 0.001 -16"><span class='ocrx_word' id='word_1_116' title='bbox 104 2178 194 2251; x_wconf 86' lang='lat' dir='ltr'><strong>Vide,</strong></span> <span class='ocrx_word' id='word_1_117' title='bbox 209 2195 249 2238; x_wconf 88' lang='lat' dir='ltr'><strong>ne</strong></span> <span class='ocrx_word' id='word_1_118' title='bbox 264 2181 388 2254; x_wconf 88' lang='lat' dir='ltr'><strong>querela</strong></span> <span class='ocrx_word' id='word_1_119' title='bbox 399 2180 500 2254; x_wconf 90' lang='lat' dir='ltr'><strong>major</strong></span> <span class='ocrx_word' id='word_1_120' title='bbox 514 2189 671 2240; x_wconf 85' lang='lat' dir='ltr'><strong>accrescat</strong></span> <span class='ocrx_word' id='word_1_121' title='bbox 685 2182 804 2242; x_wconf 87' lang='lat' dir='ltr'><strong>domus.</strong></span> 
     </span>
    </p>

    <p class='ocr_par' dir='ltr' id='par_1_11' title="bbox 57 2263 899 2335">
     <span class='ocr_line' id='line_1_23' title="bbox 57 2263 899 2335; baseline 0.001 -14"><span class='ocrx_word' id='word_1_122' title='bbox 57 2311 60 2321; x_wconf 79' lang='grc'>,</span> <span class='ocrx_word' id='word_1_123' title='bbox 148 2263 308 2323; x_wconf 88' lang='lat' dir='ltr'><strong>Atrocitati</strong></span> <span class='ocrx_word' id='word_1_124' title='bbox 323 2264 525 2322; x_wconf 88' lang='lat' dir='ltr'><strong>mansuetudo</strong></span> <span class='ocrx_word' id='word_1_125' title='bbox 541 2269 588 2323; x_wconf 84' lang='lat' dir='ltr'><strong>est</strong></span> <span class='ocrx_word' id='word_1_126' title='bbox 601 2264 778 2323; x_wconf 88' lang='lat' dir='ltr'><strong>remedium.</strong></span> <span class='ocrx_word' id='word_1_127' title='bbox 895 2328 899 2335; x_wconf 63' lang='grc'>,</span> 
     </span>
    </p>
   </div>
   <div class='ocr_carea' id='block_1_7' title="bbox 453 2447 695 2504">
    <p class='ocr_par' dir='ltr' id='par_1_12' title="bbox 453 2447 695 2504">
     <span class='ocr_line' id='line_1_24' title="bbox 453 2447 695 2504; baseline 0.008 -2"><span class='ocrx_word' id='word_1_128' title='bbox 453 2447 629 2504; x_wconf 82' lang='lat' dir='ltr'><strong>FABULA</strong></span> <span class='ocrx_word' id='word_1_129' title='bbox 649 2448 695 2504; x_wconf 85' lang='lat' dir='ltr'><strong>XI.</strong></span> 
     </span>
    </p>
   </div>
   <div class='ocr_carea' id='block_1_8' title="bbox 267 2557 887 2626">
    <p class='ocr_par' dir='ltr' id='par_1_13' title="bbox 267 2557 887 2626">
     <span class='ocr_line' id='line_1_25' title="bbox 267 2557 887 2626; baseline 0.006 -7"><span class='ocrx_word' id='word_1_130' title='bbox 267 2557 436 2621; x_wconf 77' lang='lat' dir='ltr'><strong>AESOPUS</strong></span> <span class='ocrx_word' id='word_1_131' title='bbox 450 2559 499 2621; x_wconf 83' lang='lat' dir='ltr'><strong>ET</strong></span> <span class='ocrx_word' id='word_1_132' title='bbox 520 2559 663 2625; x_wconf 81' lang='lat' dir='ltr'>VICTOR</span> <span class='ocrx_word' id='word_1_133' title='bbox 683 2560 887 2626; x_wconf 74' lang='lat' dir='ltr'><strong>arduicus,</strong></span> 
     </span>
    </p>
   </div>
   <div class='ocr_carea' id='block_1_9' title="bbox 101 2678 879 3514">
    <p class='ocr_par' dir='ltr' id='par_1_14' title="bbox 102 2678 801 3087">
     <span class='ocr_line' id='line_1_26' title="bbox 145 2678 728 2754; baseline 0.005 -18"><span class='ocrx_word' id='word_1_134' title='bbox 145 2679 301 2739; x_wconf 88' lang='lat' dir='ltr'><strong>Victorem</strong></span> <span class='ocrx_word' id='word_1_135' title='bbox 315 2679 393 2739; x_wconf 87' lang='lat' dir='ltr'><strong>iorte</strong></span> <span class='ocrx_word' id='word_1_136' title='bbox 407 2678 541 2754; x_wconf 78' lang='lat' dir='ltr'><strong>gymnici</strong></span> <span class='ocrx_word' id='word_1_137' title='bbox 556 2681 728 2739; x_wconf 84' lang='lat' dir='ltr'><strong>certaminis</strong></span> 
     </span>
     <span class='ocr_line' id='line_1_27' title="bbox 103 2761 801 2839; baseline 0.003 -18"><span class='ocrx_word' id='word_1_138' title='bbox 103 2762 319 2823; x_wconf 77' lang='lat' dir='ltr'><strong>iactantiorem</strong></span> <span class='ocrx_word' id='word_1_139' title='bbox 334 2777 427 2836; x_wconf 89' lang='lat' dir='ltr'><strong>quum</strong></span> <span class='ocrx_word' id='word_1_140' title='bbox 442 2775 513 2820; x_wconf 90' lang='lat' dir='ltr'><strong>esse</strong></span> <span class='ocrx_word' id='word_1_141' title='bbox 527 2761 659 2821; x_wconf 88' lang='lat' dir='ltr'><strong>vidisset</strong></span> <span class='ocrx_word' id='word_1_142' title='bbox 674 2763 801 2839; x_wconf 88' lang='lat' dir='ltr'><strong>sophus,</strong></span> 
     </span>
     <span class='ocr_line' id='line_1_28' title="bbox 103 2844 660 2921; baseline 0.005 -18"><span class='ocrx_word' id='word_1_143' title='bbox 103 2846 310 2921; x_wconf 72' lang='lat' dir='ltr'><strong>Interrogavit</strong></span> <span class='ocrx_word' id='word_1_144' title='bbox 326 2860 365 2904; x_wconf 90' lang='lat' dir='ltr'><strong>an</strong></span> <span class='ocrx_word' id='word_1_145' title='bbox 380 2844 451 2918; x_wconf 87' lang='lat' dir='ltr'><strong>plus</strong></span> <span class='ocrx_word' id='word_1_146' title='bbox 465 2845 660 2906; x_wconf 87' lang='lat' dir='ltr'><strong>adversarius</strong></span> 
     </span>
     <span class='ocr_line' id='line_1_29' title="bbox 102 2928 767 3004; baseline 0.005 -16"><span class='ocrx_word' id='word_1_147' title='bbox 102 2929 259 2990; x_wconf 87' lang='lat' dir='ltr'><strong>Valuisset</strong></span> <span class='ocrx_word' id='word_1_148' title='bbox 273 2929 363 3004; x_wconf 77' lang='lat' dir='ltr'><strong>eiust</strong></span> <span class='ocrx_word' id='word_1_149' title='bbox 391 2928 459 2988; x_wconf 65' lang='lat' dir='ltr'><strong>llice</strong></span> <span class='ocrx_word' id='word_1_150' title='bbox 481 2929 525 2988; x_wconf 94' lang='lat' dir='ltr'><strong>Ne</strong></span> <span class='ocrx_word' id='word_1_151' title='bbox 540 2929 621 2990; x_wconf 85' lang='lat' dir='ltr'><strong>istud</strong></span> <span class='ocrx_word' id='word_1_152' title='bbox 637 2931 767 3002; x_wconf 83' lang='lat' dir='ltr'><strong>dixeris3</strong></span> 
     </span>
     <span class='ocr_line' id='line_1_30' title="bbox 103 3011 655 3087; baseline -0.002 -14"><span class='ocrx_word' id='word_1_153' title='bbox 103 3013 197 3073; x_wconf 87' lang='lat' dir='ltr'><strong>Multo</strong></span> <span class='ocrx_word' id='word_1_154' title='bbox 212 3013 298 3076; x_wconf 85' lang='lat' dir='ltr'><strong>fuere</strong></span> <span class='ocrx_word' id='word_1_155' title='bbox 312 3013 395 3072; x_wconf 90' lang='lat' dir='ltr'><strong>vires</strong></span> <span class='ocrx_word' id='word_1_156' title='bbox 410 3011 470 3087; x_wconf 90' lang='lat' dir='ltr'><strong>maj</strong></span> <span class='ocrx_word' id='word_1_157' title='bbox 475 3028 545 3073; x_wconf 91' lang='lat' dir='ltr'><strong>ores</strong></span> <span class='ocrx_word' id='word_1_158' title='bbox 559 3030 655 3074; x_wconf 88' lang='lat' dir='ltr'><strong>meae.</strong></span> 
     </span>
    </p>

    <p class='ocr_par' dir='ltr' id='par_1_15' title="bbox 103 3096 803 3170">
     <span class='ocr_line' id='line_1_31' title="bbox 103 3096 803 3170; baseline 0.003 -14"><span class='ocrx_word' id='word_1_159' title='bbox 103 3096 200 3170; x_wconf 76' lang='lat' dir='ltr'><strong>Quod,</strong></span> <span class='ocrx_word' id='word_1_160' title='bbox 216 3096 320 3170; x_wconf 72' lang='lat' dir='ltr'><strong>inquit</strong></span> <span class='ocrx_word' id='word_1_161' title='bbox 336 3108 418 3169; x_wconf 85' lang='lat' dir='ltr'><strong>ergo,</strong></span> <span class='ocrx_word' id='word_1_162' title='bbox 435 3097 532 3170; x_wconf 87' lang='lat' dir='ltr'><strong>stulte,</strong></span> <span class='ocrx_word' id='word_1_163' title='bbox 547 3099 683 3158; x_wconf 85' lang='lat' dir='ltr'><strong>meruisti</strong></span> <span class='ocrx_word' id='word_1_164' title='bbox 699 3099 803 3170; x_wconf 88' lang='lat' dir='ltr'><strong>decus,</strong></span> 
     </span>
    </p>

    <p class='ocr_par' dir='ltr' id='par_1_16' title="bbox 101 3179 667 3242">
     <span class='ocr_line' id='line_1_32' title="bbox 101 3179 667 3242; baseline 0.002 -3"><span class='ocrx_word' id='word_1_165' title='bbox 101 3180 202 3239; x_wconf 88' lang='lat' dir='ltr'><strong>Minus</strong></span> <span class='ocrx_word' id='word_1_166' title='bbox 219 3180 369 3239; x_wconf 88' lang='lat' dir='ltr'><strong>valentem</strong></span> <span class='ocrx_word' id='word_1_167' title='bbox 384 3179 410 3238; x_wconf 91' lang='lat' dir='ltr'><strong>si</strong></span> <span class='ocrx_word' id='word_1_168' title='bbox 423 3180 525 3239; x_wconf 88' lang='lat' dir='ltr'><strong>vicisti</strong></span> <span class='ocrx_word' id='word_1_169' title='bbox 540 3181 667 3242; x_wconf 70' lang='lat' dir='ltr'><strong>sortior?</strong></span> 
     </span>
    </p>

    <p class='ocr_par' dir='ltr' id='par_1_17' title="bbox 102 3262 686 3339">
     <span class='ocr_line' id='line_1_33' title="bbox 102 3262 686 3339; baseline -0.002 -15"><span class='ocrx_word' id='word_1_170' title='bbox 102 3263 259 3324; x_wconf 87' lang='lat' dir='ltr'><strong>Ferendus</strong></span> <span class='ocrx_word' id='word_1_171' title='bbox 275 3277 371 3339; x_wconf 82' lang='lat' dir='ltr'><strong>esses,</strong></span> <span class='ocrx_word' id='word_1_172' title='bbox 388 3262 466 3322; x_wconf 84' lang='lat' dir='ltr'><strong>forte</strong></span> <span class='ocrx_word' id='word_1_173' title='bbox 481 3263 508 3323; x_wconf 94' lang='lat' dir='ltr'><strong>si</strong></span> <span class='ocrx_word' id='word_1_174' title='bbox 522 3270 552 3324; x_wconf 87' lang='lat' dir='ltr'><strong>te</strong></span> <span class='ocrx_word' id='word_1_175' title='bbox 567 3265 686 3324; x_wconf 89' lang='lat' dir='ltr'><strong>diceres</strong></span> 
     </span>
    </p>

    <p class='ocr_par' dir='ltr' id='par_1_18' title="bbox 103 3346 879 3514">
     <span class='ocr_line' id='line_1_34' title="bbox 103 3346 824 3424; baseline -0.003 -16"><span class='ocrx_word' id='word_1_176' title='bbox 103 3346 275 3422; x_wconf 86' lang='lat' dir='ltr'><strong>Superesse</strong></span> <span class='ocrx_word' id='word_1_177' title='bbox 289 3347 389 3419; x_wconf 77' lang='lat' dir='ltr'><strong>tatem</strong></span> <span class='ocrx_word' id='word_1_178' title='bbox 404 3346 512 3407; x_wconf 84' lang='lat' dir='ltr'><strong>melior</strong></span> <span class='ocrx_word' id='word_1_179' title='bbox 528 3349 580 3424; x_wconf 91' lang='lat' dir='ltr'><strong>qui</strong></span> <span class='ocrx_word' id='word_1_180' title='bbox 594 3354 680 3409; x_wconf 84' lang='lat' dir='ltr'><strong>esset</strong></span> <span class='ocrx_word' id='word_1_181' title='bbox 690 3347 824 3410; x_wconf 73' lang='lat' dir='ltr'><strong>uiribus.</strong></span> 
     </span>
     <span class='ocr_line' id='line_1_35' title="bbox 138 3429 879 3514; baseline 0.012 -28"><span class='ocrx_word' id='word_1_182' title='bbox 138 3429 193 3488; x_wconf 82' lang='lat' dir='ltr'><strong>Sic</strong></span> <span class='ocrx_word' id='word_1_183' title='bbox 207 3429 438 3507; x_wconf 77' lang='lat' dir='ltr'><strong>comprimenda</strong></span> <span class='ocrx_word' id='word_1_184' title='bbox 453 3438 504 3496; x_wconf 82' lang='lat' dir='ltr'><strong>est</strong></span> <span class='ocrx_word' id='word_1_185' title='bbox 517 3433 694 3514; x_wconf 83' lang='lat' dir='ltr'><strong>aliquando</strong></span> <span class='ocrx_word' id='word_1_186' title='bbox 709 3432 879 3513; x_wconf 69' lang='lat' dir='ltr'><strong>iactantiu-</strong></span> 
     </span>
    </p>
   </div>
   <div class='ocr_carea' id='block_1_10' title="bbox 1012 178 1055 407">
    <p class='ocr_par' dir='ltr' id='par_1_19' title="bbox 1012 178 1055 407">
     <span class='ocr_line' id='line_1_36' title="bbox 1012 178 1054 256; baseline 0.071 -3"><span class='ocrx_word' id='word_1_187' title='bbox 1012 178 1054 256; x_wconf 69' lang='lat'><strong>57</strong></span> 
     </span>
     <span class='ocr_line' id='line_1_37' title="bbox 1020 354 1055 407; baseline 0.029 -1"><span class='ocrx_word' id='word_1_188' title='bbox 1020 354 1055 407; x_wconf 87' lang='lat' dir='ltr'><strong>to</strong></span> 
     </span>
    </p>
   </div>
   <div class='ocr_carea' id='block_1_11' title="bbox 0 0 1168 3810">
    <p class='ocr_par' dir='ltr' id='par_1_20' title="bbox 0 0 1168 3810">
     <span class='ocr_line' id='line_1_38' title="bbox 0 0 1168 3810; baseline 0 0"><span class='ocrx_word' id='word_1_189' title='bbox 0 0 1168 3810; x_wconf 95' lang='lat' dir='ltr'><strong> </strong></span> 
     </span>
    </p>
   </div>
  </div>
 </body>
</html>
