<?xml version="1.0" encoding="UTF-8"?>
<!DOCTYPE html PUBLIC "-//W3C//DTD XHTML 1.0 Transitional//EN"
    "http://www.w3.org/TR/xhtml1/DTD/xhtml1-transitional.dtd">
<html xmlns="http://www.w3.org/1999/xhtml" xml:lang="en" lang="en">
 <head>
  <title>
</title>
<meta http-equiv="Content-Type" content="text/html;charset=utf-8" />
  <meta name='ocr-system' content='tesseract 3.04.00' />
  <meta name='ocr-capabilities' content='ocr_page ocr_carea ocr_par ocr_line ocrx_word'/>
</head>
<body>
  <div class='ocr_page' id='page_1' title='image "./phaedriaugustil02phaegoog_0025.png"; bbox 0 0 2326 3810; ppageno 0'>
   <div class='ocr_carea' id='block_1_1' title="bbox 180 175 869 240">
    <p class='ocr_par' dir='ltr' id='par_1_1' title="bbox 180 175 869 240">
     <span class='ocr_line' id='line_1_1' title="bbox 180 175 869 240; baseline 0.015 -10"><span class='ocrx_word' id='word_1_1' title='bbox 180 180 200 240; x_wconf 88' lang='grc'><strong>6</strong></span> <span class='ocrx_word' id='word_1_2' title='bbox 432 175 605 237; x_wconf 81' lang='lat' dir='ltr'>PHAEDRI</span> <span class='ocrx_word' id='word_1_3' title='bbox 624 175 869 239; x_wconf 79' lang='lat' dir='ltr'><strong>FABULARUM</strong></span> 
     </span>
    </p>
   </div>
   <div class='ocr_carea' id='block_1_2' title="bbox 177 325 977 738">
    <p class='ocr_par' dir='ltr' id='par_1_2' title="bbox 180 325 746 404">
     <span class='ocr_line' id='line_1_2' title="bbox 180 325 746 404; baseline 0 -16"><span class='ocrx_word' id='word_1_4' title='bbox 180 331 328 404; x_wconf 90' lang='lat' dir='ltr'>Novoque</span> <span class='ocrx_word' id='word_1_5' title='bbox 344 326 445 389; x_wconf 85' lang='lat' dir='ltr'>turbut</span> <span class='ocrx_word' id='word_1_6' title='bbox 458 325 574 386; x_wconf 77' lang='lat' dir='ltr'>nostias</span> <span class='ocrx_word' id='word_1_7' title='bbox 589 328 746 392; x_wconf 78' lang='lat' dir='ltr'>miraculo.</span> 
     </span>
    </p>

    <p class='ocr_par' dir='ltr' id='par_1_3' title="bbox 178 412 863 571">
     <span class='ocr_line' id='line_1_3' title="bbox 180 412 863 488; baseline 0 -15"><span class='ocrx_word' id='word_1_8' title='bbox 180 413 264 487; x_wconf 81' lang='lat' dir='ltr'>Quae</span> <span class='ocrx_word' id='word_1_9' title='bbox 278 413 351 473; x_wconf 88' lang='lat' dir='ltr'>dum</span> <span class='ocrx_word' id='word_1_10' title='bbox 365 417 515 488; x_wconf 77' lang='lat' dir='ltr'>paventes</span> <span class='ocrx_word' id='word_1_11' title='bbox 528 412 628 473; x_wconf 87' lang='lat' dir='ltr'>exitus</span> <span class='ocrx_word' id='word_1_12' title='bbox 643 419 735 473; x_wconf 82' lang='lat' dir='ltr'>notos</span> <span class='ocrx_word' id='word_1_13' title='bbox 748 419 863 488; x_wconf 86' lang='lat' dir='ltr'>petunt,</span> 
     </span>
     <span class='ocr_line' id='line_1_4' title="bbox 178 492 788 571; baseline -0.005 -15"><span class='ocrx_word' id='word_1_14' title='bbox 178 495 290 556; x_wconf 82' lang='lat' dir='ltr'>Leonis</span> <span class='ocrx_word' id='word_1_15' title='bbox 305 494 482 570; x_wconf 82' lang='lat' dir='ltr'>affliguntur</span> <span class='ocrx_word' id='word_1_16' title='bbox 495 492 648 555; x_wconf 86' lang='lat' dir='ltr'>horrendo</span> <span class='ocrx_word' id='word_1_17' title='bbox 664 496 788 571; x_wconf 88' lang='lat' dir='ltr'>impetu.</span> 
     </span>
    </p>

    <p class='ocr_par' dir='ltr' id='par_1_4' title="bbox 177 576 977 738">
     <span class='ocr_line' id='line_1_5' title="bbox 179 576 977 655; baseline -0.003 -15"><span class='ocrx_word' id='word_1_18' title='bbox 179 580 243 653; x_wconf 80' lang='lat' dir='ltr'>Qui,</span> <span class='ocrx_word' id='word_1_19' title='bbox 259 585 423 655; x_wconf 84' lang='lat' dir='ltr'><strong>postquam</strong></span> <span class='ocrx_word' id='word_1_20' title='bbox 438 576 533 637; x_wconf 83' lang='lat' dir='ltr'>caede</span> <span class='ocrx_word' id='word_1_21' title='bbox 547 576 649 638; x_wconf 85' lang='lat' dir='ltr'>Iessos</span> <span class='ocrx_word' id='word_1_22' title='bbox 664 584 720 651; x_wconf 86' lang='lat' dir='ltr'>est,</span> <span class='ocrx_word' id='word_1_23' title='bbox 735 576 855 640; x_wconf 84' lang='lat' dir='ltr'>usinum</span> <span class='ocrx_word' id='word_1_24' title='bbox 869 587 977 640; x_wconf 85' lang='lat' dir='ltr'>evoeot</span> 
     </span>
     <span class='ocr_line' id='line_1_6' title="bbox 177 654 952 738; baseline -0.005 -16"><span class='ocrx_word' id='word_1_25' title='bbox 177 658 327 738; x_wconf 84' lang='lat' dir='ltr'>lubet&#39;que</span> <span class='ocrx_word' id='word_1_26' title='bbox 340 674 450 722; x_wconf 82' lang='lat' dir='ltr'>vocem</span> <span class='ocrx_word' id='word_1_27' title='bbox 463 669 613 734; x_wconf 80' lang='lat' dir='ltr'>premere.</span> <span class='ocrx_word' id='word_1_28' title='bbox 638 654 723 721; x_wconf 79' lang='lat' dir='ltr'>Tune</span> <span class='ocrx_word' id='word_1_29' title='bbox 735 660 786 721; x_wconf 89' lang='lat' dir='ltr'>ille</span> <span class='ocrx_word' id='word_1_30' title='bbox 798 661 952 723; x_wconf 58' lang='lat' dir='ltr'>insulense</span> 
     </span>
    </p>
   </div>
   <div class='ocr_carea' id='block_1_3' title="bbox 176 742 940 986">
    <p class='ocr_par' dir='ltr' id='par_1_5' title="bbox 176 742 940 986">
     <span class='ocr_line' id='line_1_7' title="bbox 178 742 813 819; baseline -0.003 -14"><span class='ocrx_word' id='word_1_31' title='bbox 178 746 281 819; x_wconf 80' lang='lat' dir='ltr'>QuatIs</span> <span class='ocrx_word' id='word_1_32' title='bbox 295 745 415 805; x_wconf 82' lang='lat' dir='ltr'>videtur</span> <span class='ocrx_word' id='word_1_33' title='bbox 429 752 524 819; x_wconf 83' lang='lat' dir='ltr'>opera</span> <span class='ocrx_word' id='word_1_34' title='bbox 536 742 590 803; x_wconf 90' lang='lat' dir='ltr'>tibl</span> <span class='ocrx_word' id='word_1_35' title='bbox 604 743 689 806; x_wconf 78' lang='lat' dir='ltr'>vuele</span> <span class='ocrx_word' id='word_1_36' title='bbox 703 753 813 809; x_wconf 79' lang='lat' dir='ltr'>meust</span> 
     </span>
     <span class='ocr_line' id='line_1_8' title="bbox 176 827 866 904; baseline 0.006 -17"><span class='ocrx_word' id='word_1_37' title='bbox 176 829 317 904; x_wconf 82' lang='lat' dir='ltr'>Insignis,</span> <span class='ocrx_word' id='word_1_38' title='bbox 334 827 440 903; x_wconf 84' lang='lat' dir='ltr'>inquit,</span> <span class='ocrx_word' id='word_1_39' title='bbox 455 827 502 886; x_wconf 80' lang='lat' dir='ltr'>sie</span> <span class='ocrx_word' id='word_1_40' title='bbox 513 833 555 899; x_wconf 86' lang='lat' dir='ltr'>ut,</span> <span class='ocrx_word' id='word_1_41' title='bbox 570 827 629 888; x_wconf 87' lang='lat' dir='ltr'>nisi</span> <span class='ocrx_word' id='word_1_42' title='bbox 643 838 769 889; x_wconf 80' lang='lat' dir='ltr'>nossem</span> <span class='ocrx_word' id='word_1_43' title='bbox 782 835 866 891; x_wconf 89' lang='lat' dir='ltr'>tuum</span> 
     </span>
     <span class='ocr_line' id='line_1_9' title="bbox 176 910 940 986; baseline 0.004 -16"><span class='ocrx_word' id='word_1_44' title='bbox 176 913 318 973; x_wconf 83' lang='lat' dir='ltr'>AnImum</span> <span class='ocrx_word' id='word_1_45' title='bbox 331 921 501 986; x_wconf 80' lang='lat' dir='ltr'>genusque,</span> <span class='ocrx_word' id='word_1_46' title='bbox 516 910 606 971; x_wconf 83' lang='lat' dir='ltr'>simili</span> <span class='ocrx_word' id='word_1_47' title='bbox 621 911 769 986; x_wconf 73' lang='lat' dir='ltr'><strong>fugissem</strong></span> <span class='ocrx_word' id='word_1_48' title='bbox 783 919 874 973; x_wconf 90' lang='lat' dir='ltr'>metu.</span> <span class='ocrx_word' id='word_1_49' title='bbox 938 964 940 973; x_wconf 93' lang='lat'><em>.</em></span> 
     </span>
    </p>
   </div>
   <div class='ocr_carea' id='block_1_4' title="bbox 517 1030 772 1103">
    <p class='ocr_par' dir='ltr' id='par_1_6' title="bbox 517 1030 772 1103">
     <span class='ocr_line' id='line_1_10' title="bbox 517 1030 772 1103; baseline 0 -2"><span class='ocrx_word' id='word_1_50' title='bbox 517 1030 694 1102; x_wconf 74' lang='lat' dir='ltr'><strong>FABULA</strong></span> <span class='ocrx_word' id='word_1_51' title='bbox 713 1042 772 1103; x_wconf 85' lang='lat' dir='ltr'>XII.</span> 
     </span>
    </p>
   </div>
   <div class='ocr_carea' id='block_1_5' title="bbox 445 1134 850 1204">
    <p class='ocr_par' dir='ltr' id='par_1_7' title="bbox 445 1134 850 1204">
     <span class='ocr_line' id='line_1_11' title="bbox 445 1134 850 1204; baseline -0.002 -1"><span class='ocrx_word' id='word_1_52' title='bbox 445 1138 593 1203; x_wconf 74' lang='lat' dir='ltr'>custus</span> <span class='ocrx_word' id='word_1_53' title='bbox 613 1134 665 1203; x_wconf 79' lang='lat' dir='ltr'>lt)</span> <span class='ocrx_word' id='word_1_54' title='bbox 685 1134 850 1204; x_wconf 74' lang='lat' dir='ltr'><strong>FONTEM.</strong></span> 
     </span>
    </p>
   </div>
   <div class='ocr_carea' id='block_1_6' title="bbox 170 1239 994 2477">
    <p class='ocr_par' dir='ltr' id='par_1_8' title="bbox 170 1239 994 2477">
     <span class='ocr_line' id='line_1_12' title="bbox 217 1239 844 1316; baseline 0 -14"><span class='ocrx_word' id='word_1_55' title='bbox 217 1243 361 1302; x_wconf 84' lang='lat' dir='ltr'>Laudatis</span> <span class='ocrx_word' id='word_1_56' title='bbox 375 1239 506 1312; x_wconf 75' lang='lat' dir='ltr'>utiliora,</span> <span class='ocrx_word' id='word_1_57' title='bbox 521 1253 602 1314; x_wconf 82' lang='lat' dir='ltr'>quse</span> <span class='ocrx_word' id='word_1_58' title='bbox 615 1242 844 1316; x_wconf 67' lang='lat' dir='ltr'>contempseris,</span> 
     </span>
     <span class='ocr_line' id='line_1_13' title="bbox 176 1322 845 1399; baseline -0.001 -14"><span class='ocrx_word' id='word_1_59' title='bbox 176 1326 276 1399; x_wconf 86' lang='lat' dir='ltr'>Saepe</span> <span class='ocrx_word' id='word_1_60' title='bbox 290 1322 427 1396; x_wconf 83' lang='lat' dir='ltr'>Inveniri,</span> <span class='ocrx_word' id='word_1_61' title='bbox 442 1322 519 1382; x_wconf 85' lang='lat' dir='ltr'>huet</span> <span class='ocrx_word' id='word_1_62' title='bbox 532 1322 620 1383; x_wconf 77' lang='lat' dir='ltr'>testis</span> <span class='ocrx_word' id='word_1_63' title='bbox 634 1323 690 1383; x_wconf 89' lang='lat' dir='ltr'>erit</span> <span class='ocrx_word' id='word_1_64' title='bbox 703 1325 845 1387; x_wconf 80' lang='lat' dir='ltr'>narratio.</span> 
     </span>
     <span class='ocr_line' id='line_1_14' title="bbox 216 1405 994 1482; baseline 0.004 -16"><span class='ocrx_word' id='word_1_65' title='bbox 216 1406 267 1466; x_wconf 89' lang='lat' dir='ltr'>Ad</span> <span class='ocrx_word' id='word_1_66' title='bbox 281 1407 393 1466; x_wconf 86' lang='lat' dir='ltr'>sontem</span> <span class='ocrx_word' id='word_1_67' title='bbox 410 1418 529 1477; x_wconf 83' lang='lat' dir='ltr'>cervus,</span> <span class='ocrx_word' id='word_1_68' title='bbox 545 1418 640 1479; x_wconf 82' lang='lat' dir='ltr'>quum</span> <span class='ocrx_word' id='word_1_69' title='bbox 651 1405 789 1482; x_wconf 76' lang='lat' dir='ltr'>bibluset,</span> <span class='ocrx_word' id='word_1_70' title='bbox 804 1409 913 1469; x_wconf 87' lang='lat' dir='ltr'>restitit</span> <span class='ocrx_word' id='word_1_71' title='bbox 991 1434 994 1439; x_wconf 94' lang='lat'>·</span> 
     </span>
     <span class='ocr_line' id='line_1_15' title="bbox 173 1487 736 1564; baseline 0.002 -16"><span class='ocrx_word' id='word_1_72' title='bbox 173 1489 255 1549; x_wconf 82' lang='lat' dir='ltr'>Elin</span> <span class='ocrx_word' id='word_1_73' title='bbox 269 1489 388 1564; x_wconf 89' lang='lat' dir='ltr'>liquore</span> <span class='ocrx_word' id='word_1_74' title='bbox 403 1487 478 1548; x_wconf 90' lang='lat' dir='ltr'>vidit</span> <span class='ocrx_word' id='word_1_75' title='bbox 492 1489 625 1563; x_wconf 81' lang='lat' dir='ltr'>effigiem</span> <span class='ocrx_word' id='word_1_76' title='bbox 638 1505 736 1550; x_wconf 84' lang='lat' dir='ltr'>suam.</span> 
     </span>
     <span class='ocr_line' id='line_1_16' title="bbox 173 1572 813 1651; baseline 0.003 -20"><span class='ocrx_word' id='word_1_77' title='bbox 173 1572 218 1631; x_wconf 89' lang='lat' dir='ltr'>Ibi</span> <span class='ocrx_word' id='word_1_78' title='bbox 233 1573 306 1633; x_wconf 90' lang='lat' dir='ltr'>dum</span> <span class='ocrx_word' id='word_1_79' title='bbox 319 1587 441 1632; x_wconf 85' lang='lat' dir='ltr'>ramosa</span> <span class='ocrx_word' id='word_1_80' title='bbox 454 1572 567 1631; x_wconf 81' lang='lat' dir='ltr'>mIruns</span> <span class='ocrx_word' id='word_1_81' title='bbox 581 1573 685 1632; x_wconf 82' lang='lat' dir='ltr'>laudat</span> <span class='ocrx_word' id='word_1_82' title='bbox 699 1589 813 1651; x_wconf 82' lang='lat' dir='ltr'>cornua</span> 
     </span>
     <span class='ocr_line' id='line_1_17' title="bbox 175 1655 856 1732; baseline 0.001 -16"><span class='ocrx_word' id='word_1_83' title='bbox 175 1656 360 1731; x_wconf 77' lang='lat' dir='ltr'>cultumque</span> <span class='ocrx_word' id='word_1_84' title='bbox 374 1655 496 1715; x_wconf 87' lang='lat' dir='ltr'>nimiam</span> <span class='ocrx_word' id='word_1_85' title='bbox 510 1655 682 1716; x_wconf 75' lang='lat' dir='ltr'>tenuitatem</span> <span class='ocrx_word' id='word_1_86' title='bbox 698 1657 856 1732; x_wconf 84' lang='lat' dir='ltr'>vituperat,</span> 
     </span>
     <span class='ocr_line' id='line_1_18' title="bbox 173 1732 799 1800; baseline 0.005 -3"><span class='ocrx_word' id='word_1_87' title='bbox 173 1739 345 1798; x_wconf 87' lang='lat' dir='ltr'>Venantum</span> <span class='ocrx_word' id='word_1_88' title='bbox 359 1733 459 1798; x_wconf 85' lang='lat' dir='ltr'>subito</span> <span class='ocrx_word' id='word_1_89' title='bbox 475 1732 605 1799; x_wconf 80' lang='lat' dir='ltr'>voerus</span> <span class='ocrx_word' id='word_1_90' title='bbox 619 1739 799 1800; x_wconf 71' lang='lat' dir='ltr'>eonterrims</span> 
     </span>
     <span class='ocr_line' id='line_1_19' title="bbox 172 1821 840 1895; baseline 0.001 -15"><span class='ocrx_word' id='word_1_91' title='bbox 172 1821 230 1880; x_wconf 87' lang='lat' dir='ltr'>Per</span> <span class='ocrx_word' id='word_1_92' title='bbox 243 1836 383 1895; x_wconf 81' lang='lat' dir='ltr'>eampum</span> <span class='ocrx_word' id='word_1_93' title='bbox 398 1822 501 1894; x_wconf 82' lang='lat' dir='ltr'>lugere</span> <span class='ocrx_word' id='word_1_94' title='bbox 516 1821 618 1894; x_wconf 87' lang='lat' dir='ltr'>eoepit</span> <span class='ocrx_word' id='word_1_95' title='bbox 631 1828 662 1880; x_wconf 86' lang='lat' dir='ltr'>et</span> <span class='ocrx_word' id='word_1_96' title='bbox 675 1837 767 1881; x_wconf 87' lang='lat' dir='ltr'>eursu</span> <span class='ocrx_word' id='word_1_97' title='bbox 779 1823 840 1881; x_wconf 88' lang='lat' dir='ltr'>levi</span> 
     </span>
     <span class='ocr_line' id='line_1_20' title="bbox 174 1901 826 1978; baseline 0.003 -16"><span class='ocrx_word' id='word_1_98' title='bbox 174 1904 272 1963; x_wconf 83' lang='lat' dir='ltr'>canes</span> <span class='ocrx_word' id='word_1_99' title='bbox 287 1903 385 1962; x_wconf 85' lang='lat' dir='ltr'>elusit.</span> <span class='ocrx_word' id='word_1_100' title='bbox 412 1901 496 1962; x_wconf 84' lang='lat' dir='ltr'>Silva</span> <span class='ocrx_word' id='word_1_101' title='bbox 508 1910 572 1963; x_wconf 89' lang='lat' dir='ltr'>tum</span> <span class='ocrx_word' id='word_1_102' title='bbox 585 1905 706 1978; x_wconf 77' lang='lat' dir='ltr'>excepit</span> <span class='ocrx_word' id='word_1_103' title='bbox 721 1904 826 1977; x_wconf 80' lang='lat' dir='ltr'>lerum</span> 
     </span>
     <span class='ocr_line' id='line_1_21' title="bbox 172 1985 754 2061; baseline 0.005 -18"><span class='ocrx_word' id='word_1_104' title='bbox 172 1987 206 2044; x_wconf 90' lang='lat' dir='ltr'>In</span> <span class='ocrx_word' id='word_1_105' title='bbox 223 2002 283 2061; x_wconf 86' lang='lat' dir='ltr'>qua</span> <span class='ocrx_word' id='word_1_106' title='bbox 296 1986 419 2045; x_wconf 84' lang='lat' dir='ltr'>retentIs</span> <span class='ocrx_word' id='word_1_107' title='bbox 434 1985 596 2061; x_wconf 85' lang='lat' dir='ltr'>impeditus</span> <span class='ocrx_word' id='word_1_108' title='bbox 612 1985 754 2047; x_wconf 82' lang='lat' dir='ltr'>comibus</span> 
     </span>
     <span class='ocr_line' id='line_1_22' title="bbox 171 2069 844 2142; baseline 0.001 -15"><span class='ocrx_word' id='word_1_109' title='bbox 171 2069 312 2128; x_wconf 83' lang='lat' dir='ltr'>Lacerari</span> <span class='ocrx_word' id='word_1_110' title='bbox 328 2070 428 2142; x_wconf 86' lang='lat' dir='ltr'>coepit</span> <span class='ocrx_word' id='word_1_111' title='bbox 441 2069 594 2130; x_wconf 85' lang='lat' dir='ltr'>morsibus</span> <span class='ocrx_word' id='word_1_112' title='bbox 609 2070 712 2130; x_wconf 84' lang='lat' dir='ltr'>saevis</span> <span class='ocrx_word' id='word_1_113' title='bbox 727 2084 844 2131; x_wconf 83' lang='lat' dir='ltr'>eanum.</span> 
     </span>
     <span class='ocr_line' id='line_1_23' title="bbox 171 2151 912 2214; baseline 0.001 -5"><span class='ocrx_word' id='word_1_114' title='bbox 171 2151 253 2210; x_wconf 79' lang='lat' dir='ltr'>Iuno</span> <span class='ocrx_word' id='word_1_115' title='bbox 267 2151 400 2212; x_wconf 88' lang='lat' dir='ltr'>moriens</span> <span class='ocrx_word' id='word_1_116' title='bbox 415 2166 525 2212; x_wconf 81' lang='lat' dir='ltr'>vocem</span> <span class='ocrx_word' id='word_1_117' title='bbox 538 2152 617 2212; x_wconf 81' lang='lat' dir='ltr'>lione</span> <span class='ocrx_word' id='word_1_118' title='bbox 631 2151 769 2213; x_wconf 81' lang='lat' dir='ltr'>edidisse</span> <span class='ocrx_word' id='word_1_119' title='bbox 784 2153 912 2214; x_wconf 69' lang='lat' dir='ltr'>dieiturs</span> 
     </span>
     <span class='ocr_line' id='line_1_24' title="bbox 172 2233 905 2313; baseline 0.007 -21"><span class='ocrx_word' id='word_1_120' title='bbox 172 2233 195 2292; x_wconf 90' lang='lat'>0</span> <span class='ocrx_word' id='word_1_121' title='bbox 210 2250 258 2295; x_wconf 90' lang='lat' dir='ltr'>me</span> <span class='ocrx_word' id='word_1_122' title='bbox 272 2235 439 2295; x_wconf 77' lang='lat' dir='ltr'>infelicem!</span> <span class='ocrx_word' id='word_1_123' title='bbox 457 2235 508 2311; x_wconf 90' lang='lat' dir='ltr'>qui</span> <span class='ocrx_word' id='word_1_124' title='bbox 523 2251 603 2297; x_wconf 86' lang='lat' dir='ltr'>nuno</span> <span class='ocrx_word' id='word_1_125' title='bbox 617 2236 739 2297; x_wconf 84' lang='lat' dir='ltr'>demum</span> <span class='ocrx_word' id='word_1_126' title='bbox 752 2236 905 2313; x_wconf 81' lang='lat' dir='ltr'>intellego,</span> 
     </span>
     <span class='ocr_line' id='line_1_25' title="bbox 170 2318 907 2396; baseline 0.005 -20"><span class='ocrx_word' id='word_1_127' title='bbox 170 2318 261 2377; x_wconf 87' lang='lat' dir='ltr'>Utilia</span> <span class='ocrx_word' id='word_1_128' title='bbox 274 2319 346 2377; x_wconf 91' lang='lat' dir='ltr'>mihi</span> <span class='ocrx_word' id='word_1_129' title='bbox 362 2335 453 2393; x_wconf 85' lang='lat' dir='ltr'>quum</span> <span class='ocrx_word' id='word_1_130' title='bbox 467 2320 586 2392; x_wconf 88' lang='lat' dir='ltr'>luerint,</span> <span class='ocrx_word' id='word_1_131' title='bbox 601 2336 681 2395; x_wconf 82' lang='lat' dir='ltr'>quae</span> <span class='ocrx_word' id='word_1_132' title='bbox 695 2320 907 2396; x_wconf 82' lang='lat' dir='ltr'>despexeram,</span> 
     </span>
     <span class='ocr_line' id='line_1_26' title="bbox 170 2400 943 2477; baseline 0.005 -19"><span class='ocrx_word' id='word_1_133' title='bbox 170 2400 214 2472; x_wconf 86' lang='lat' dir='ltr'>Et,</span> <span class='ocrx_word' id='word_1_134' title='bbox 231 2416 309 2474; x_wconf 84' lang='lat' dir='ltr'>quae</span> <span class='ocrx_word' id='word_1_135' title='bbox 323 2402 488 2473; x_wconf 79' lang='lat' dir='ltr'>laudaram,</span> <span class='ocrx_word' id='word_1_136' title='bbox 506 2408 650 2477; x_wconf 84' lang='lat' dir='ltr'>quantum</span> <span class='ocrx_word' id='word_1_137' title='bbox 663 2404 761 2463; x_wconf 87' lang='lat' dir='ltr'>luelus</span> <span class='ocrx_word' id='word_1_138' title='bbox 776 2400 943 2465; x_wconf 81' lang='lat' dir='ltr'>habuerint.</span> 
     </span>
    </p>
   </div>
   <div class='ocr_carea' id='block_1_7' title="bbox 336 2532 832 2692">
    <p class='ocr_par' dir='ltr' id='par_1_9' title="bbox 336 2532 832 2692">
     <span class='ocr_line' id='line_1_27' title="bbox 506 2532 775 2595; baseline -0.004 -2"><span class='ocrx_word' id='word_1_139' title='bbox 506 2532 684 2595; x_wconf 79' lang='lat' dir='ltr'><strong>FABULA</strong></span> <span class='ocrx_word' id='word_1_140' title='bbox 703 2534 775 2593; x_wconf 85' lang='lat' dir='ltr'>XIII.</span> 
     </span>
     <span class='ocr_line' id='line_1_28' title="bbox 336 2624 832 2692; baseline -0.002 0"><span class='ocrx_word' id='word_1_141' title='bbox 336 2646 340 2653; x_wconf 88' lang='lat'><em>·</em></span> <span class='ocrx_word' id='word_1_142' title='bbox 443 2624 653 2692; x_wconf 67' lang='lat' dir='ltr'>vomisset·</span> <span class='ocrx_word' id='word_1_143' title='bbox 674 2624 832 2692; x_wconf 76' lang='lat' dir='ltr'><strong>GORVUS.</strong></span> 
     </span>
    </p>
   </div>
   <div class='ocr_carea' id='block_1_8' title="bbox 165 2728 987 3473">
    <p class='ocr_par' dir='ltr' id='par_1_10' title="bbox 169 2728 987 2890">
     <span class='ocr_line' id='line_1_29' title="bbox 211 2728 987 2806; baseline 0.003 -12"><span class='ocrx_word' id='word_1_144' title='bbox 211 2733 267 2806; x_wconf 82' lang='lat' dir='ltr'>Qui</span> <span class='ocrx_word' id='word_1_145' title='bbox 282 2747 317 2792; x_wconf 87' lang='lat' dir='ltr'>se</span> <span class='ocrx_word' id='word_1_146' title='bbox 330 2731 448 2792; x_wconf 84' lang='lat' dir='ltr'>lauduni</span> <span class='ocrx_word' id='word_1_147' title='bbox 463 2732 575 2806; x_wconf 84' lang='lat' dir='ltr'>gaudet</span> <span class='ocrx_word' id='word_1_148' title='bbox 589 2728 693 2791; x_wconf 86' lang='lat' dir='ltr'>verbis</span> <span class='ocrx_word' id='word_1_149' title='bbox 707 2731 856 2805; x_wconf 84' lang='lat' dir='ltr'>subdolis,</span> <span class='ocrx_word' id='word_1_150' title='bbox 984 2792 987 2796; x_wconf 86' lang='lat'>.</span> 
     </span>
     <span class='ocr_line' id='line_1_30' title="bbox 169 2812 837 2890; baseline -0.003 -14"><span class='ocrx_word' id='word_1_151' title='bbox 169 2815 245 2876; x_wconf 88' lang='lat' dir='ltr'>Sero</span> <span class='ocrx_word' id='word_1_152' title='bbox 261 2816 313 2875; x_wconf 85' lang='lat' dir='ltr'>dat</span> <span class='ocrx_word' id='word_1_153' title='bbox 327 2829 444 2890; x_wconf 82' lang='lat' dir='ltr'>poenus</span> <span class='ocrx_word' id='word_1_154' title='bbox 459 2814 539 2890; x_wconf 86' lang='lat' dir='ltr'>turpi</span> <span class='ocrx_word' id='word_1_155' title='bbox 553 2812 750 2889; x_wconf 66' lang='lat' dir='ltr'>poenitemus,</span> <span class='ocrx_word' id='word_1_156' title='bbox 781 2819 787 2853; x_wconf 91' lang='lat'>&#39;-</span> <span class='ocrx_word' id='word_1_157' title='bbox 811 2870 814 2875; x_wconf 86' lang='lat'>.</span> <span class='ocrx_word' id='word_1_158' title='bbox 834 2850 837 2855; x_wconf 94' lang='lat'>-</span> 
     </span>
    </p>

    <p class='ocr_par' dir='ltr' id='par_1_11' title="bbox 165 2897 906 3473">
     <span class='ocr_line' id='line_1_31' title="bbox 211 2897 906 2973; baseline -0.001 -15"><span class='ocrx_word' id='word_1_159' title='bbox 211 2899 308 2972; x_wconf 82' lang='lat' dir='ltr'>Quum</span> <span class='ocrx_word' id='word_1_160' title='bbox 322 2899 361 2973; x_wconf 82' lang='lat' dir='ltr'>do</span> <span class='ocrx_word' id='word_1_161' title='bbox 377 2897 510 2959; x_wconf 79' lang='lat' dir='ltr'>fenestra</span> <span class='ocrx_word' id='word_1_162' title='bbox 523 2910 636 2957; x_wconf 83' lang='lat' dir='ltr'>corvus</span> <span class='ocrx_word' id='word_1_163' title='bbox 648 2903 768 2973; x_wconf 72' lang='lat' dir='ltr'>neptium</span> <span class='ocrx_word' id='word_1_164' title='bbox 781 2913 906 2959; x_wconf 79' lang='lat' dir='ltr'>osseum</span> 
     </span>
     <span class='ocr_line' id='line_1_32' title="bbox 168 2979 819 3054; baseline -0.003 -12"><span class='ocrx_word' id='word_1_165' title='bbox 168 2982 314 3043; x_wconf 83' lang='lat' dir='ltr'>Comesse</span> <span class='ocrx_word' id='word_1_166' title='bbox 328 2980 428 3053; x_wconf 85' lang='lat' dir='ltr'>vellet,</span> <span class='ocrx_word' id='word_1_167' title='bbox 446 2981 530 3040; x_wconf 81' lang='lat' dir='ltr'>celsa</span> <span class='ocrx_word' id='word_1_168' title='bbox 544 2979 685 3040; x_wconf 86' lang='lat' dir='ltr'>residens</span> <span class='ocrx_word' id='word_1_169' title='bbox 699 2979 819 3054; x_wconf 75' lang='lat' dir='ltr'>arbore,</span> 
     </span>
     <span class='ocr_line' id='line_1_33' title="bbox 166 3062 892 3140; baseline -0.003 -17"><span class='ocrx_word' id='word_1_170' title='bbox 166 3065 284 3140; x_wconf 90' lang='lat' dir='ltr'>Vulpes</span> <span class='ocrx_word' id='word_1_171' title='bbox 298 3064 379 3126; x_wconf 90' lang='lat' dir='ltr'>hune</span> <span class='ocrx_word' id='word_1_172' title='bbox 394 3063 477 3136; x_wconf 83' lang='lat' dir='ltr'>vidit,</span> <span class='ocrx_word' id='word_1_173' title='bbox 492 3062 604 3123; x_wconf 83' lang='lat' dir='ltr'>deinde</span> <span class='ocrx_word' id='word_1_174' title='bbox 619 3063 665 3125; x_wconf 85' lang='lat' dir='ltr'>sio</span> <span class='ocrx_word' id='word_1_175' title='bbox 678 3063 781 3139; x_wconf 72' lang='lat' dir='ltr'>eoepit</span> <span class='ocrx_word' id='word_1_176' title='bbox 793 3064 892 3139; x_wconf 66' lang='lat' dir='ltr'>loquis</span> 
     </span>
     <span class='ocr_line' id='line_1_34' title="bbox 167 3146 870 3222; baseline 0.001 -16"><span class='ocrx_word' id='word_1_177' title='bbox 167 3146 191 3206; x_wconf 92' lang='lat'>0</span> <span class='ocrx_word' id='word_1_178' title='bbox 208 3147 260 3222; x_wconf 88' lang='lat' dir='ltr'>qui</span> <span class='ocrx_word' id='word_1_179' title='bbox 273 3153 399 3220; x_wconf 83' lang='lat' dir='ltr'>tuarum,</span> <span class='ocrx_word' id='word_1_180' title='bbox 416 3160 519 3220; x_wconf 84' lang='lat' dir='ltr'>corve,</span> <span class='ocrx_word' id='word_1_181' title='bbox 534 3158 703 3222; x_wconf 74' lang='lat' dir='ltr'>pennarum</span> <span class='ocrx_word' id='word_1_182' title='bbox 717 3154 765 3210; x_wconf 86' lang='lat' dir='ltr'>est</span> <span class='ocrx_word' id='word_1_183' title='bbox 777 3148 870 3209; x_wconf 83' lang='lat' dir='ltr'>nitor!</span> 
     </span>
     <span class='ocr_line' id='line_1_35' title="bbox 166 3226 849 3307; baseline -0.001 -16"><span class='ocrx_word' id='word_1_184' title='bbox 166 3226 316 3303; x_wconf 78' lang='lat' dir='ltr'>Quantum</span> <span class='ocrx_word' id='word_1_185' title='bbox 330 3230 451 3291; x_wconf 87' lang='lat' dir='ltr'>decoris</span> <span class='ocrx_word' id='word_1_186' title='bbox 467 3246 596 3306; x_wconf 83' lang='lat' dir='ltr'>corpore</span> <span class='ocrx_word' id='word_1_187' title='bbox 611 3237 642 3292; x_wconf 89' lang='lat' dir='ltr'>et</span> <span class='ocrx_word' id='word_1_188' title='bbox 653 3232 740 3293; x_wconf 90' lang='lat' dir='ltr'>vultu</span> <span class='ocrx_word' id='word_1_189' title='bbox 752 3233 849 3307; x_wconf 78' lang='lat' dir='ltr'>geris!</span> 
     </span>
     <span class='ocr_line' id='line_1_36' title="bbox 165 3312 857 3391; baseline 0.004 -19"><span class='ocrx_word' id='word_1_190' title='bbox 165 3313 203 3372; x_wconf 86' lang='lat' dir='ltr'>Si</span> <span class='ocrx_word' id='word_1_191' title='bbox 214 3327 325 3373; x_wconf 86' lang='lat' dir='ltr'>vocem</span> <span class='ocrx_word' id='word_1_192' title='bbox 338 3312 479 3385; x_wconf 85' lang='lat' dir='ltr'>haberes,</span> <span class='ocrx_word' id='word_1_193' title='bbox 493 3314 575 3377; x_wconf 70' lang='lat' dir='ltr'>nullu</span> <span class='ocrx_word' id='word_1_194' title='bbox 588 3315 673 3391; x_wconf 85' lang='lat' dir='ltr'>prior</span> <span class='ocrx_word' id='word_1_195' title='bbox 686 3316 751 3377; x_wconf 80' lang='lat' dir='ltr'>eles</span> <span class='ocrx_word' id='word_1_196' title='bbox 765 3316 857 3377; x_wconf 85' lang='lat' dir='ltr'>leret.</span> 
     </span>
     <span class='ocr_line' id='line_1_37' title="bbox 165 3394 874 3473; baseline 0.004 -18"><span class='ocrx_word' id='word_1_197' title='bbox 165 3398 205 3455; x_wconf 81' lang='lat' dir='ltr'>At</span> <span class='ocrx_word' id='word_1_198' title='bbox 219 3394 269 3459; x_wconf 91' lang='lat' dir='ltr'>ille</span> <span class='ocrx_word' id='word_1_199' title='bbox 284 3396 402 3469; x_wconf 86' lang='lat' dir='ltr'>stultus,</span> <span class='ocrx_word' id='word_1_200' title='bbox 418 3395 490 3459; x_wconf 91' lang='lat' dir='ltr'>dum</span> <span class='ocrx_word' id='word_1_201' title='bbox 503 3398 568 3461; x_wconf 87' lang='lat' dir='ltr'>vult</span> <span class='ocrx_word' id='word_1_202' title='bbox 579 3412 689 3461; x_wconf 86' lang='lat' dir='ltr'>voeem</span> <span class='ocrx_word' id='word_1_203' title='bbox 699 3398 874 3473; x_wconf 82' lang='lat' dir='ltr'>ostendere,</span> 
     </span>
    </p>
   </div>
   <div class='ocr_carea' id='block_1_9' title="bbox 0 0 1168 3810">
    <p class='ocr_par' dir='ltr' id='par_1_12' title="bbox 0 0 1168 3810">
     <span class='ocr_line' id='line_1_38' title="bbox 0 0 1168 3810; baseline 0 4"><span class='ocrx_word' id='word_1_204' title='bbox 0 0 1168 3810; x_wconf 95' lang='lat' dir='ltr'> </span> 
     </span>
    </p>
   </div>
  </div>
 </body>
</html>
