<?xml version="1.0" encoding="UTF-8"?>
<!DOCTYPE html PUBLIC "-//W3C//DTD XHTML 1.0 Transitional//EN"
    "http://www.w3.org/TR/xhtml1/DTD/xhtml1-transitional.dtd">
<html xmlns="http://www.w3.org/1999/xhtml" xml:lang="en" lang="en">
 <head>
  <title>
</title>
<meta http-equiv="Content-Type" content="text/html;charset=utf-8" />
  <meta name='ocr-system' content='tesseract 3.04.00' />
  <meta name='ocr-capabilities' content='ocr_page ocr_carea ocr_par ocr_line ocrx_word'/>
</head>
<body>
  <div class='ocr_page' id='page_1' title='image "./phaedriaugustil02phaegoog_0014.png"; bbox 0 0 2326 3810; ppageno 0'>
   <div class='ocr_carea' id='block_1_1' title="bbox 269 872 896 965">
    <p class='ocr_par' dir='ltr' id='par_1_1' title="bbox 269 872 896 965">
     <span class='ocr_line' id='line_1_1' title="bbox 269 872 896 965; baseline -0.003 -3"><span class='ocrx_word' id='word_1_1' title='bbox 269 878 320 965; x_wconf 83' lang='lat' dir='ltr'>ll</span> <span class='ocrx_word' id='word_1_2' title='bbox 340 875 518 964; x_wconf 83' lang='lat' dir='ltr'>Plttott</span> <span class='ocrx_word' id='word_1_3' title='bbox 538 874 630 961; x_wconf 84' lang='lat' dir='ltr'>llll</span> <span class='ocrx_word' id='word_1_4' title='bbox 650 872 699 960; x_wconf 81' lang='lat' dir='ltr'>m</span> <span class='ocrx_word' id='word_1_5' title='bbox 720 874 896 965; x_wconf 78' lang='lat' dir='ltr'>titulis.</span> 
     </span>
    </p>
   </div>
   <div class='ocr_carea' id='block_1_2' title="bbox 484 1123 687 1133">
    <p class='ocr_par' dir='ltr' id='par_1_2' title="bbox 484 1123 687 1133">
     <span class='ocr_line' id='line_1_2' title="bbox 484 1123 687 1133; baseline -0.01 -1"><span class='ocrx_word' id='word_1_6' title='bbox 484 1123 687 1133; x_wconf 64' lang='lat' dir='ltr'>————--n—-</span> 
     </span>
    </p>
   </div>
   <div class='ocr_carea' id='block_1_3' title="bbox 94 1256 1104 3352">
    <p class='ocr_par' dir='ltr' id='par_1_3' title="bbox 94 1256 1104 3352">
     <span class='ocr_line' id='line_1_3' title="bbox 107 1256 1056 1371; baseline -0.002 -20"><span class='ocrx_word' id='word_1_7' title='bbox 107 1256 160 1352; x_wconf 74' lang='lat' dir='ltr'>De</span> <span class='ocrx_word' id='word_1_8' title='bbox 172 1291 312 1356; x_wconf 87' lang='lat' dir='ltr'>Phaedro</span> <span class='ocrx_word' id='word_1_9' title='bbox 329 1297 423 1371; x_wconf 77' lang='lat' dir='ltr'>poeta</span> <span class='ocrx_word' id='word_1_10' title='bbox 443 1300 578 1354; x_wconf 88' lang='lat' dir='ltr'>vetemm</span> <span class='ocrx_word' id='word_1_11' title='bbox 598 1293 782 1371; x_wconf 89' lang='lat' dir='ltr'>scrlptorurn</span> <span class='ocrx_word' id='word_1_12' title='bbox 797 1289 858 1352; x_wconf 92' lang='lat' dir='ltr'>duo</span> <span class='ocrx_word' id='word_1_13' title='bbox 873 1288 1056 1350; x_wconf 80' lang='lat' dir='ltr'>mentionem</span> 
     </span>
     <span class='ocr_line' id='line_1_4' title="bbox 107 1385 1056 1469; baseline -0.002 -18"><span class='ocrx_word' id='word_1_14' title='bbox 107 1392 253 1467; x_wconf 88' lang='lat' dir='ltr'>lecerunt,</span> <span class='ocrx_word' id='word_1_15' title='bbox 270 1408 399 1469; x_wconf 92' lang='lat' dir='ltr'>quorum</span> <span class='ocrx_word' id='word_1_16' title='bbox 410 1393 496 1466; x_wconf 83' lang='lat' dir='ltr'>alter,</span> <span class='ocrx_word' id='word_1_17' title='bbox 511 1392 551 1452; x_wconf 87' lang='grc' dir='ltr'>Μ.</span> <span class='ocrx_word' id='word_1_18' title='bbox 565 1393 669 1453; x_wconf 89' lang='lat' dir='ltr'>Valer.</span> <span class='ocrx_word' id='word_1_19' title='bbox 682 1387 844 1463; x_wconf 78' lang='lat' dir='ltr'>MartialiS,</span> <span class='ocrx_word' id='word_1_20' title='bbox 860 1385 892 1448; x_wconf 79' lang='lat' dir='ltr'>in&#39;</span> <span class='ocrx_word' id='word_1_21' title='bbox 907 1386 1056 1465; x_wconf 80' lang='lat' dir='ltr'>epigram·</span> 
     </span>
     <span class='ocr_line' id='line_1_5' title="bbox 107 1488 1054 1571; baseline -0.003 -21"><span class='ocrx_word' id='word_1_22' title='bbox 107 1497 220 1552; x_wconf 90' lang='lat' dir='ltr'>matum</span> <span class='ocrx_word' id='word_1_23' title='bbox 235 1491 293 1571; x_wconf 80' lang='lat' dir='ltr'>lib.</span> <span class='ocrx_word' id='word_1_24' title='bbox 315 1492 366 1552; x_wconf 87' lang='grc' dir='ltr'><strong>ΙΙΙ.</strong></span> <span class='ocrx_word' id='word_1_25' title='bbox 386 1490 712 1554; x_wconf 65' lang='lat' dir='ltr'>acoenonoetus:</span> <span class='ocrx_word' id='word_1_26' title='bbox 741 1488 796 1550; x_wconf 86' lang='lat' dir='ltr'>An</span> <span class='ocrx_word' id='word_1_27' title='bbox 819 1488 1054 1561; x_wconf 85' lang='lat' dir='ltr'>aemulatur,</span> 
     </span>
     <span class='ocr_line' id='line_1_6' title="bbox 106 1584 1054 1666; baseline -0.001 -18"><span class='ocrx_word' id='word_1_28' title='bbox 106 1589 213 1665; x_wconf 89' lang='lat' dir='ltr'>inquit,</span> <span class='ocrx_word' id='word_1_29' title='bbox 228 1589 528 1666; x_wconf 81' lang='lat' dir='ltr'>improbiJ&#39;ocos</span> <span class='ocrx_word' id='word_1_30' title='bbox 542 1588 735 1649; x_wconf 78' lang='lat' dir='ltr'>Plraedrit</span> <span class='ocrx_word' id='word_1_31' title='bbox 755 1588 839 1658; x_wconf 88' lang='lat' dir='ltr'>alter,</span> <span class='ocrx_word' id='word_1_32' title='bbox 854 1584 1054 1659; x_wconf 72' lang='lat' dir='ltr'>Flavianus,</span> 
     </span>
     <span class='ocr_line' id='line_1_7' title="bbox 105 1673 1054 1766; baseline -0.003 -19"><span class='ocrx_word' id='word_1_33' title='bbox 105 1689 138 1747; x_wconf 91' lang='lat' dir='ltr'>iu</span> <span class='ocrx_word' id='word_1_34' title='bbox 152 1673 283 1766; x_wconf 86' lang='lat' dir='ltr'>epistola</span> <span class='ocrx_word' id='word_1_35' title='bbox 302 1690 343 1751; x_wconf 92' lang='lat' dir='ltr'>ad</span> <span class='ocrx_word' id='word_1_36' title='bbox 364 1687 571 1749; x_wconf 83' lang='lat' dir='ltr'><strong>Theodosium</strong></span> <span class='ocrx_word' id='word_1_37' title='bbox 591 1684 759 1763; x_wconf 78' lang='lat' dir='ltr'><strong>quendam,</strong></span> <span class='ocrx_word' id='word_1_38' title='bbox 785 1685 833 1745; x_wconf 93' lang='lat' dir='ltr'>cui</span> <span class='ocrx_word' id='word_1_39' title='bbox 848 1683 966 1746; x_wconf 82' lang='lat' dir='ltr'>fabulas</span> <span class='ocrx_word' id='word_1_40' title='bbox 982 1701 1054 1745; x_wconf 92' lang='lat' dir='ltr'>suas</span> 
     </span>
     <span class='ocr_line' id='line_1_8' title="bbox 105 1782 1054 1864; baseline -0.005 -16"><span class='ocrx_word' id='word_1_41' title='bbox 105 1787 317 1861; x_wconf 85' lang='lat' dir='ltr'>dedicaverat,</span> <span class='ocrx_word' id='word_1_42' title='bbox 344 1789 415 1850; x_wconf 86' lang='lat' dir='ltr'>data</span> <span class='ocrx_word' id='word_1_43' title='bbox 435 1787 512 1847; x_wconf 89' lang='lat' dir='ltr'>haec</span> <span class='ocrx_word' id='word_1_44' title='bbox 532 1785 671 1864; x_wconf 78' lang='lat' dir='ltr'><strong>scripsit:</strong></span> <span class='ocrx_word' id='word_1_45' title='bbox 707 1783 909 1845; x_wconf 84' lang='lat' dir='ltr'>Phaedrus</span> <span class='ocrx_word' id='word_1_46' title='bbox 938 1782 1054 1844; x_wconf 87' lang='lat' dir='ltr'>etiam</span> 
     </span>
     <span class='ocr_line' id='line_1_9' title="bbox 103 1880 1054 1962; baseline -0.001 -17"><span class='ocrx_word' id='word_1_47' title='bbox 103 1892 256 1962; x_wconf 87' lang='lat' dir='ltr'>partem</span> <span class='ocrx_word' id='word_1_48' title='bbox 284 1886 455 1962; x_wconf 78' lang='lat' dir='ltr'>aliquam</span> <span class='ocrx_word' id='word_1_49' title='bbox 486 1884 672 1960; x_wconf 81' lang='lat' dir='ltr'>(fabulamm</span> <span class='ocrx_word' id='word_1_50' title='bbox 693 1880 912 1960; x_wconf 81' lang='lat' dir='ltr'>Aesopiarum)</span> <span class='ocrx_word' id='word_1_51' title='bbox 941 1883 1054 1960; x_wconf 89' lang='lat' dir='ltr'>quin·</span> 
     </span>
     <span class='ocr_line' id='line_1_10' title="bbox 105 1981 1104 2061; baseline -0.005 -14"><span class='ocrx_word' id='word_1_52' title='bbox 105 2001 179 2061; x_wconf 86' lang='lat' dir='ltr'>que</span> <span class='ocrx_word' id='word_1_53' title='bbox 206 1985 243 2045; x_wconf 91' lang='lat' dir='ltr'>in</span> <span class='ocrx_word' id='word_1_54' title='bbox 272 1984 437 2046; x_wconf 86' lang='lat' dir='ltr'>libellos</span> <span class='ocrx_word' id='word_1_55' title='bbox 467 1984 654 2060; x_wconf 89' lang='lat' dir='ltr'>resolvit,</span> <span class='ocrx_word' id='word_1_56' title='bbox 682 1981 715 2044; x_wconf 90' lang='lat' dir='ltr'>ld</span> <span class='ocrx_word' id='word_1_57' title='bbox 737 1987 799 2056; x_wconf 90' lang='lat' dir='ltr'>est,</span> <span class='ocrx_word' id='word_1_58' title='bbox 829 1996 964 2058; x_wconf 89' lang='lat' dir='ltr'>eprosa</span> <span class='ocrx_word' id='word_1_59' title='bbox 986 2000 1053 2043; x_wconf 92' lang='lat' dir='ltr'>ora·</span> <span class='ocrx_word' id='word_1_60' title='bbox 1099 2019 1104 2034; x_wconf 42' lang='lat' dir='ltr'>t</span> 
     </span>
     <span class='ocr_line' id='line_1_11' title="bbox 102 2079 1053 2160; baseline -0.002 -15"><span class='ocrx_word' id='word_1_61' title='bbox 102 2085 186 2146; x_wconf 84' lang='lat' dir='ltr'>tione</span> <span class='ocrx_word' id='word_1_62' title='bbox 207 2085 238 2144; x_wconf 94' lang='lat' dir='ltr'>in</span> <span class='ocrx_word' id='word_1_63' title='bbox 257 2101 367 2147; x_wconf 86' lang='lat' dir='ltr'>versus</span> <span class='ocrx_word' id='word_1_64' title='bbox 388 2085 616 2146; x_wconf 75' lang='lat' dir='ltr'>transformavit</span> <span class='ocrx_word' id='word_1_65' title='bbox 636 2091 729 2160; x_wconf 87' lang='lat' dir='ltr'>atque</span> <span class='ocrx_word' id='word_1_66' title='bbox 749 2083 780 2142; x_wconf 91' lang='lat' dir='ltr'>in</span> <span class='ocrx_word' id='word_1_67' title='bbox 803 2080 937 2158; x_wconf 83' lang='lat' dir='ltr'>quinque</span> <span class='ocrx_word' id='word_1_68' title='bbox 958 2079 1053 2143; x_wconf 91' lang='lat' dir='ltr'>libros</span> 
     </span>
     <span class='ocr_line' id='line_1_12' title="bbox 101 2180 1052 2262; baseline -0.004 -17"><span class='ocrx_word' id='word_1_69' title='bbox 101 2184 230 2262; x_wconf 82' lang='lat' dir='ltr'>redegit</span> <span class='ocrx_word' id='word_1_70' title='bbox 274 2183 362 2260; x_wconf 80' lang='lat' dir='ltr'>Quod</span> <span class='ocrx_word' id='word_1_71' title='bbox 382 2191 482 2245; x_wconf 89' lang='lat' dir='ltr'>autem</span> <span class='ocrx_word' id='word_1_72' title='bbox 496 2183 530 2243; x_wconf 92' lang='lat' dir='ltr'>L.</span> <span class='ocrx_word' id='word_1_73' title='bbox 545 2186 625 2243; x_wconf 84' lang='lat' dir='ltr'>Aon.</span> <span class='ocrx_word' id='word_1_74' title='bbox 641 2181 760 2242; x_wconf 82' lang='lat' dir='ltr'><strong>Seneca</strong></span> <span class='ocrx_word' id='word_1_75' title='bbox 780 2182 811 2241; x_wconf 89' lang='lat' dir='ltr'>in</span> <span class='ocrx_word' id='word_1_76' title='bbox 833 2180 1052 2241; x_wconf 77' lang='lat' dir='ltr'>consolationis</span> 
     </span>
     <span class='ocr_line' id='line_1_13' title="bbox 101 2278 1052 2360; baseline -0.003 -15"><span class='ocrx_word' id='word_1_77' title='bbox 101 2283 144 2345; x_wconf 86' lang='lat' dir='ltr'>ed</span> <span class='ocrx_word' id='word_1_78' title='bbox 156 2282 318 2360; x_wconf 79' lang='lat' dir='ltr'>Polybium</span> <span class='ocrx_word' id='word_1_79' title='bbox 337 2283 451 2343; x_wconf 89' lang='lat' dir='ltr'>missae</span> <span class='ocrx_word' id='word_1_80' title='bbox 473 2298 541 2358; x_wconf 88' lang='lat' dir='ltr'>cap.</span> <span class='ocrx_word' id='word_1_81' title='bbox 560 2278 681 2341; x_wconf 87' lang='lat' dir='ltr'><strong>XXVII.</strong></span> <span class='ocrx_word' id='word_1_82' title='bbox 697 2278 824 2341; x_wconf 84' lang='lat' dir='ltr'>tabellas</span> <span class='ocrx_word' id='word_1_83' title='bbox 846 2285 875 2341; x_wconf 93' lang='lat' dir='ltr'>et</span> <span class='ocrx_word' id='word_1_84' title='bbox 888 2280 1052 2358; x_wconf 83' lang='lat' dir='ltr'>Aesopeos</span> 
     </span>
     <span class='ocr_line' id='line_1_14' title="bbox 102 2378 1052 2459; baseline 0 -18"><span class='ocrx_word' id='word_1_85' title='bbox 102 2383 192 2458; x_wconf 84' lang='lat' dir='ltr'>logos</span> <span class='ocrx_word' id='word_1_86' title='bbox 212 2383 452 2444; x_wconf 89' lang='lat' dir='ltr'>intentatum</span> <span class='ocrx_word' id='word_1_87' title='bbox 471 2380 659 2443; x_wconf 90' lang='lat' dir='ltr'>Romanis</span> <span class='ocrx_word' id='word_1_88' title='bbox 681 2378 859 2457; x_wconf 83' lang='lat' dir='ltr'>ingeniis</span> <span class='ocrx_word' id='word_1_89' title='bbox 882 2397 982 2459; x_wconf 90' lang='lat' dir='ltr'>opus</span> <span class='ocrx_word' id='word_1_90' title='bbox 998 2397 1052 2457; x_wconf 90' lang='lat' dir='ltr'>ap-</span> 
     </span>
     <span class='ocr_line' id='line_1_15' title="bbox 100 2463 1051 2560; baseline -0.002 -18"><span class='ocrx_word' id='word_1_91' title='bbox 100 2482 206 2560; x_wconf 83' lang='lat' dir='ltr'>pellat,</span> <span class='ocrx_word' id='word_1_92' title='bbox 221 2481 329 2541; x_wconf 88' lang='lat' dir='ltr'>mirum</span> <span class='ocrx_word' id='word_1_93' title='bbox 343 2481 403 2542; x_wconf 88' lang='lat' dir='ltr'>hoc</span> <span class='ocrx_word' id='word_1_94' title='bbox 417 2481 515 2542; x_wconf 85' lang='lat' dir='ltr'>videri</span> <span class='ocrx_word' id='word_1_95' title='bbox 530 2497 591 2542; x_wconf 91' lang='lat' dir='ltr'>oon</span> <span class='ocrx_word' id='word_1_96' title='bbox 606 2489 718 2558; x_wconf 88' lang='lat' dir='ltr'>potest,</span> <span class='ocrx_word' id='word_1_97' title='bbox 734 2481 814 2556; x_wconf 89' lang='lat' dir='ltr'>quia,</span> <span class='ocrx_word' id='word_1_98' title='bbox 838 2478 865 2541; x_wconf 91' lang='lat' dir='ltr'>si</span> <span class='ocrx_word' id='word_1_99' title='bbox 881 2463 1051 2541; x_wconf 88' lang='lat' dir='ltr'>aPhaedro</span> 
     </span>
     <span class='ocr_line' id='line_1_16' title="bbox 100 2579 1051 2662; baseline 0.001 -22"><span class='ocrx_word' id='word_1_100' title='bbox 100 2580 271 2662; x_wconf 79' lang='lat' dir='ltr'>Macedone</span> <span class='ocrx_word' id='word_1_101' title='bbox 285 2585 369 2653; x_wconf 90' lang='lat' dir='ltr'>(nam</span> <span class='ocrx_word' id='word_1_102' title='bbox 384 2580 410 2642; x_wconf 91' lang='lat' dir='ltr'>is</span> <span class='ocrx_word' id='word_1_103' title='bbox 426 2587 490 2641; x_wconf 90' lang='lat' dir='ltr'>erat</span> <span class='ocrx_word' id='word_1_104' title='bbox 504 2580 639 2656; x_wconf 88' lang='lat' dir='ltr'>natione)</span> <span class='ocrx_word' id='word_1_105' title='bbox 661 2579 860 2656; x_wconf 78' lang='lat' dir='ltr'>discesseris,</span> <span class='ocrx_word' id='word_1_106' title='bbox 885 2597 975 2640; x_wconf 90' lang='lat' dir='ltr'>nemo</span> <span class='ocrx_word' id='word_1_107' title='bbox 990 2581 1051 2641; x_wconf 92' lang='lat' dir='ltr'>Ro-</span> 
     </span>
     <span class='ocr_line' id='line_1_17' title="bbox 100 2678 1049 2756; baseline -0.001 -16"><span class='ocrx_word' id='word_1_108' title='bbox 100 2695 210 2740; x_wconf 88' lang='lat' dir='ltr'>manus</span> <span class='ocrx_word' id='word_1_109' title='bbox 230 2686 293 2741; x_wconf 91' lang='lat' dir='ltr'>tum</span> <span class='ocrx_word' id='word_1_110' title='bbox 311 2679 431 2740; x_wconf 83' lang='lat' dir='ltr'>fabulas</span> <span class='ocrx_word' id='word_1_111' title='bbox 453 2679 547 2742; x_wconf 91' lang='lat' dir='ltr'>latino</span> <span class='ocrx_word' id='word_1_112' title='bbox 564 2680 687 2756; x_wconf 90' lang='lat' dir='ltr'>quidem</span> <span class='ocrx_word' id='word_1_113' title='bbox 702 2696 844 2741; x_wconf 90' lang='lat' dir='ltr'>sermone</span> <span class='ocrx_word' id='word_1_114' title='bbox 859 2678 1049 2751; x_wconf 77' lang='lat' dir='ltr'>conficiebat</span> 
     </span>
     <span class='ocr_line' id='line_1_18' title="bbox 100 2777 1050 2858; baseline 0.001 -20"><span class='ocrx_word' id='word_1_115' title='bbox 100 2785 132 2839; x_wconf 89' lang='lat' dir='ltr'>et</span> <span class='ocrx_word' id='word_1_116' title='bbox 145 2778 201 2840; x_wconf 86' lang='lat' dir='ltr'>sub</span> <span class='ocrx_word' id='word_1_117' title='bbox 217 2778 345 2854; x_wconf 88' lang='lat' dir='ltr'>primurn</span> <span class='ocrx_word' id='word_1_118' title='bbox 358 2778 468 2839; x_wconf 86' lang='lat' dir='ltr'>Tiberii</span> <span class='ocrx_word' id='word_1_119' title='bbox 484 2777 600 2840; x_wconf 84' lang='lat' dir='ltr'>Claudii</span> <span class='ocrx_word' id='word_1_120' title='bbox 615 2779 774 2858; x_wconf 91' lang='lat' dir='ltr'>imperium</span> <span class='ocrx_word' id='word_1_121' title='bbox 784 2778 914 2842; x_wconf 86' lang='lat' dir='ltr'>Phaedri</span> <span class='ocrx_word' id='word_1_122' title='bbox 927 2779 987 2841; x_wconf 92' lang='lat' dir='ltr'>duo</span> <span class='ocrx_word' id='word_1_123' title='bbox 1000 2794 1050 2839; x_wconf 92' lang='lat' dir='ltr'>so-</span> 
     </span>
     <span class='ocr_line' id='line_1_19' title="bbox 98 2875 1048 2955; baseline -0.002 -17"><span class='ocrx_word' id='word_1_124' title='bbox 98 2877 163 2939; x_wconf 92' lang='lat' dir='ltr'>lum</span> <span class='ocrx_word' id='word_1_125' title='bbox 176 2875 244 2937; x_wconf 88' lang='lat' dir='ltr'>libri</span> <span class='ocrx_word' id='word_1_126' title='bbox 257 2875 464 2951; x_wconf 86' lang='lat' dir='ltr'>innotuerant,</span> <span class='ocrx_word' id='word_1_127' title='bbox 479 2877 510 2938; x_wconf 93' lang='lat' dir='ltr'>in</span> <span class='ocrx_word' id='word_1_128' title='bbox 527 2878 637 2955; x_wconf 90' lang='lat' dir='ltr'>quibus</span> <span class='ocrx_word' id='word_1_129' title='bbox 651 2880 809 2941; x_wconf 88' lang='lat' dir='ltr'>Romanae</span> <span class='ocrx_word' id='word_1_130' title='bbox 825 2876 949 2955; x_wconf 81' lang='lat' dir='ltr'>originis</span> <span class='ocrx_word' id='word_1_131' title='bbox 964 2877 1048 2938; x_wconf 86' lang='lat' dir='ltr'>tabu-</span> 
     </span>
     <span class='ocr_line' id='line_1_20' title="bbox 97 2974 1050 3056; baseline 0 -19"><span class='ocrx_word' id='word_1_132' title='bbox 97 2977 147 3037; x_wconf 88' lang='lat' dir='ltr'>lae</span> <span class='ocrx_word' id='word_1_133' title='bbox 161 2974 393 3037; x_wconf 87' lang='lat' dir='ltr'>continebantur</span> <span class='ocrx_word' id='word_1_134' title='bbox 407 2992 591 3054; x_wconf 84' lang='lat' dir='ltr'>perpaucae.</span> <span class='ocrx_word' id='word_1_135' title='bbox 619 2978 749 3040; x_wconf 80' lang='lat' dir='ltr'>Accedit</span> <span class='ocrx_word' id='word_1_136' title='bbox 763 2977 847 3056; x_wconf 87' lang='lat' dir='ltr'>quod</span> <span class='ocrx_word' id='word_1_137' title='bbox 857 2975 1014 3039; x_wconf 86' lang='lat' dir='ltr'>Phaedrus</span> <span class='ocrx_word' id='word_1_138' title='bbox 1031 2993 1050 3037; x_wconf 88' lang='lat' dir='ltr'>a</span> 
     </span>
     <span class='ocr_line' id='line_1_21' title="bbox 97 3072 1048 3154; baseline -0.003 -16"><span class='ocrx_word' id='word_1_139' title='bbox 97 3074 244 3138; x_wconf 82' lang='lat' dir='ltr'>Romanis</span> <span class='ocrx_word' id='word_1_140' title='bbox 272 3073 387 3152; x_wconf 89' lang='lat' dir='ltr'>quippe</span> <span class='ocrx_word' id='word_1_141' title='bbox 413 3075 687 3152; x_wconf 83' lang='lat' dir='ltr'>fastidiosioribos,</span> <span class='ocrx_word' id='word_1_142' title='bbox 713 3079 744 3139; x_wconf 93' lang='lat' dir='ltr'>in</span> <span class='ocrx_word' id='word_1_143' title='bbox 766 3072 876 3154; x_wconf 88' lang='lat' dir='ltr'>quibus</span> <span class='ocrx_word' id='word_1_144' title='bbox 899 3073 1048 3139; x_wconf 88' lang='lat' dir='ltr'>Senecam</span> 
     </span>
     <span class='ocr_line' id='line_1_22' title="bbox 94 3172 1047 3251; baseline -0.002 -15"><span class='ocrx_word' id='word_1_145' title='bbox 94 3189 224 3251; x_wconf 76' lang='lat' dir='ltr'>-quoque</span> <span class='ocrx_word' id='word_1_146' title='bbox 237 3173 334 3234; x_wconf 81' lang='lat' dir='ltr'>foisse</span> <span class='ocrx_word' id='word_1_147' title='bbox 347 3173 388 3234; x_wconf 89' lang='lat' dir='ltr'>M.</span> <span class='ocrx_word' id='word_1_148' title='bbox 401 3172 475 3233; x_wconf 83' lang='lat' dir='ltr'>Fab.</span> <span class='ocrx_word' id='word_1_149' title='bbox 499 3175 716 3250; x_wconf 82' lang='lat' dir='ltr'>Quinctilianus</span> <span class='ocrx_word' id='word_1_150' title='bbox 730 3176 762 3238; x_wconf 93' lang='lat' dir='ltr'>in</span> <span class='ocrx_word' id='word_1_151' title='bbox 777 3176 848 3239; x_wconf 89' lang='lat' dir='ltr'>inst.</span> <span class='ocrx_word' id='word_1_152' title='bbox 863 3176 997 3240; x_wconf 85' lang='lat' dir='ltr'>oratlib.</span> <span class='ocrx_word' id='word_1_153' title='bbox 1010 3175 1047 3236; x_wconf 86' lang='lat' dir='ltr'>X.</span> 
     </span>
     <span class='ocr_line' id='line_1_23' title="bbox 97 3272 1045 3352; baseline 0 -17"><span class='ocrx_word' id='word_1_154' title='bbox 97 3290 165 3352; x_wconf 85' lang='lat' dir='ltr'>cap.</span> <span class='ocrx_word' id='word_1_155' title='bbox 180 3273 203 3335; x_wconf 89' lang='grc' dir='ltr'>Ι.</span> <span class='ocrx_word' id='word_1_156' title='bbox 218 3279 293 3335; x_wconf 84' lang='lat' dir='ltr'>extr.</span> <span class='ocrx_word' id='word_1_157' title='bbox 307 3273 383 3335; x_wconf 90' lang='lat' dir='ltr'>satis</span> <span class='ocrx_word' id='word_1_158' title='bbox 398 3272 480 3334; x_wconf 87' lang='lat' dir='ltr'>clare</span> <span class='ocrx_word' id='word_1_159' title='bbox 495 3274 693 3350; x_wconf 80' lang='lat' dir='ltr'>significavit,</span> <span class='ocrx_word' id='word_1_160' title='bbox 709 3284 742 3337; x_wconf 88' lang='lat' dir='ltr'>ut</span> <span class='ocrx_word' id='word_1_161' title='bbox 756 3277 878 3339; x_wconf 85' lang='lat' dir='ltr'>advena</span> <span class='ocrx_word' id='word_1_162' title='bbox 892 3284 922 3338; x_wconf 94' lang='lat' dir='ltr'>et</span> <span class='ocrx_word' id='word_1_163' title='bbox 934 3275 1045 3337; x_wconf 80' lang='lat' dir='ltr'>liberti-</span> 
     </span>
    </p>
   </div>
   <div class='ocr_carea' id='block_1_4' title="bbox 0 0 1168 3810">
    <p class='ocr_par' dir='ltr' id='par_1_4' title="bbox 0 0 1168 3810">
     <span class='ocr_line' id='line_1_24' title="bbox 0 0 1168 3810; baseline 0 4"><span class='ocrx_word' id='word_1_164' title='bbox 0 0 1168 3810; x_wconf 95' lang='lat' dir='ltr'> </span> 
     </span>
    </p>
   </div>
  </div>
 </body>
</html>
