2326 3810
493 153 671 215 uranum.
911 224 919 237 ⁸
1015 147 1063 220 aa

78 325 83 331 ·
110 305 178 364 Non
193 306 354 367 evertisset
368 305 484 365 scelere
499 306 619 365 lunesto
636 306 768 365 domum.
984 344 993 363 ·
1023 316 1058 367 50

152 388 199 446 Nil
214 396 338 464 spernat
352 389 442 460 auris,
459 404 516 447 nec
529 395 630 447 tamen
645 390 749 448 credat
763 389 877 449 statim.

110 470 363 547 Quandoquidem
378 478 407 531 et
420 472 463 531 illi
476 479 613 546 peccant,
631 488 708 546 quos
723 472 845 531 minime
858 479 956 546 putes,
1070 497 1072 502 2

108 555 147 614 Et
161 555 212 629 qui
228 571 289 615 non
302 562 440 631 peccant,
457 555 670 630 impugnantur
685 555 852 614 fraudibus.

150 638 216 697 Hoc
232 639 397 699 admonere
412 639 566 714 simpIIces
581 639 672 697 etiarn
687 645 797 713 potest,

109 719 259 795 OpInione
274 723 397 783 alterius
413 722 540 796 nequid
554 722 741 796 ponderent=

107 797 241 863 Ambitio
255 821 387 879 namque
403 805 558 864 dissidens
573 805 745 866 mortalium

106 889 169 946 Aut
183 889 296 961 gratiae
312 888 476 949 subscribit
490 894 540 946 aut
555 887 627 947 odio
643 903 710 946 suo.

108 970 172 1048 Erit
186 971 236 1030 ille
245 980 349 1045 notus,
367 988 457 1047 quem
470 986 527 1046 per
540 977 570 1029 te
585 971 778 1044 cognoveris.

123 1072 126 1076 ’
147 1053 231 1114 Haec
246 1063 408 1116 exsecutus
424 1071 491 1117 sum
506 1059 670 1128 propterea
683 1054 830 1127 pluribus

105 1136 257 1198 Brevitate
272 1139 522 1215 nimiaquoniam
538 1137 688 1211 quosdam
706 1136 899 1197 offendimus.
1018 1145 1053 1197 60

452 1275 629 1332 rnounn
649 1254 696 1331 xi.

255 1318 257 1322 ’
326 1368 529 1432 nuuucnus
550 1371 601 1433 m
624 1351 830 1432 nnnonrns.
897 1350 901 1359 “

146 1472 311 1534 Eunuchus
325 1472 461 1546 litigabat
476 1488 544 1532 curn
560 1473 692 1548 quodam
707 1470 856 1546 improbe,

105 1556 160 1629 Qui
175 1571 268 1629 super
283 1556 419 1616 obscena
433 1557 513 1614 dicta
528 1563 558 1616 et
571 1557 712 1631 petulans
723 1555 857 1629 jurgium

103 1639 254 1698 Damnum
268 1639 433 1699 insectatus
449 1646 496 1698 est
510 1640 616 1699 amissi
631 1637 782 1712 corporIs.

102 1721 158 1794 En,
175 1721 224 1793 ait,
239 1721 299 1782 hoe
312 1738 405 1782 unum
420 1726 476 1794 est,
493 1738 547 1781 cnr
559 1721 695 1781 laborem
711 1719 851 1792 validius,

104 1805 285 1880 Integritatis
299 1813 394 1866 testes
411 1805 482 1879 qula
497 1806 607 1865 desunt
621 1804 704 1863 mihi.
750 1823 752 1826 ⁴

105 1886 168 1947 Sed
184 1888 257 1963 quid
271 1889 417 1961 fortunae,
434 1889 532 1961 stulte,
551 1889 693 1948 delictum
709 1888 834 1963 arguis?

104 1971 140 2030 Id
156 1971 276 2032 demum
291 1980 339 2032 est
352 1972 466 2032 homini
480 1979 577 2047 turpe,
594 1972 677 2046 quod
691 1971 798 2032 meruit
812 1971 885 2047 pati.

450 2086 626 2166 unauna
646 2108 705 2162 xn.

327 2201 466 2263 numus
485 2203 538 2263 nn
560 2173 820 2264 unaunmrnu'r'.
864 2155 866 2160 ¹

146 2303 180 2362 ln
195 2301 379 2377 sterquilino
387 2303 488 2376 pullus
503 2302 689 2375 gallinaceus

103 2386 181 2444 Dum
197 2385 314 2460 quaerit
327 2399 438 2458 eseam,
454 2385 645 2458 margaritam
659 2383 803 2458 repperit

102 2469 193 2529 Iaces
207 2469 341 2543 indigno,
356 2476 469 2542 quanta
482 2485 542 2542 res,
561 2469 665 2543 inquit,
681 2469 764 2527 loco!

102 2552 170 2612 Hoc
185 2552 211 2611 si
227 2553 294 2626 quis
309 2552 398 2628 pretii
413 2553 541 2627 cupidus
556 2553 686 2612 vidisset
700 2552 752 2624 tui,

105 2633 181 2694 Olim
195 2635 332 2695 redisses
347 2637 388 2695 ad
403 2636 599 2711 splendorem
614 2635 784 2710 prIstinum.
1031 2647 1047 2698 ⁵

102 2717 168 2792 Ego
184 2719 311 2793 quodie
325 2719 436 2791 Inveni,
452 2719 553 2793 potior
568 2719 615 2778 cui
630 2719 723 2778 multo
739 2724 788 2777 est
801 2718 896 2793 cibus,

102 2800 165 2860 Nee
179 2802 232 2861 tibi
247 2803 399 2876 prodesse
413 2817 470 2860 nec
484 2802 557 2860 mihi
573 2801 735 2876 qumquam
745 2808 856 2875 potest.

143 2884 210 2945 Hoc
225 2885 283 2944 illis
298 2901 397 2959 narro,
414 2885 465 2958 qui
479 2901 528 2944 me
543 2900 604 2944 non
618 2884 803 2959 intellegunt.

439 3017 616 3074 FABULA
632 3018 706 3083 XIII.

110 3168 114 3175 .
172 3062 175 3068 ³
286 3107 381 3169 nans
402 3109 450 3169 ET
471 3110 570 3189 Fuci,
592 3111 712 3172 VESPA
733 3109 877 3172 JUDIGE.

144 3209 230 3284 Apes
245 3208 275 3266 In
291 3209 351 3292 alta
367 3223 479 3282 quercu
496 3210 630 3269 fecerant
644 3211 748 3268 favos:

101 3292 167 3353 llos
183 3291 244 3352 luci
258 3291 370 3352 inertes
386 3306 457 3351 esse
471 3292 612 3351 dicebant
626 3306 711 3350 suos.

102 3374 154 3435 Lis
169 3375 321 3435 adfurum
338 3375 469 3435 deducta
484 3382 539 3448 est,
555 3390 654 3449 vespa
665 3373 779 3448 JudIce.
