2326 3810
486 171 605 234 nialla
622 173 674 232 lv.

110 329 276 403 Postquam
291 332 472 402 consumpta
485 332 533 386 est
545 325 695 402 temporis
709 326 792 402 longi
804 338 900 399 mora,

109 413 173 472 Nee
187 411 358 472 testamenti
372 411 470 486 potuit
483 424 594 471 sensus
608 410 720 485 colligi,
872 436 875 441 ·

109 495 217 556 Fidem
231 495 403 568 advocavit,
416 493 487 569 jure
501 495 650 570 negleeto‚
666 509 789 570 parens.

111 578 241 655 Seponit
255 577 403 639 moechae
415 583 543 651 vestem,
559 578 707 639 mundum
714 575 907 660 muliebrem,
947 600 957 616 ·

110 662 309 724 Lavationem
322 666 506 737 argenteam,
523 661 689 735 eunuchos,
705 660 848 737 glabros;

110 746 266 807 Lanificae
280 746 407 820 agellos,
423 756 547 822 peoora,
565 742 676 818 villam,
691 744 863 820 operarios.

108 828 224 904 Boves,
235 829 373 904 jumento
386 835 416 889 et
429 830 658 889 instrumentum
671 829 833 900 mstiouma

110 913 220 973 Potrici
235 913 358 990 plenem
372 910 505 988 antiquis
520 911 701 988 apothecam
714 913 812 986 cadis,

109 995 240 1057 Domum
254 997 379 1073 politam
394 1003 425 1056 et
438 995 587 1056 delicatos
601 995 749 1056 hortulos.

111 1080 164 1140 Sic
179 1081 330 1141 destinata
344 1081 419 1140 dare
434 1094 526 1154 quum
541 1079 632 1139 vellet
645 1079 773 1156 singulis

109 1164 148 1223 Et
161 1163 346 1240 adprobaret
354 1164 502 1243 populuS,
519 1163 570 1239 qui
585 1164 654 1224 illas
670 1170 806 1234 noverat,

109 1250 255 1324 Aesopus
270 1247 371 1307 media
386 1247 486 1308 subito
501 1247 532 1307 in
546 1245 635 1307 turba
649 1247 796 1308 eonstitiu

112 1330 136 1390 0
153 1330 180 1390 si
194 1337 331 1391 maneret
345 1331 601 1403 eonditosensus
611 1331 700 1409 patri,
779 1368 782 1379 ·

111 1414 206 1488 Quam
221 1415 354 1489 graviter
366 1415 467 1490 lerret,
484 1414 569 1489 quod
582 1415 770 1474 voluntatem
786 1430 873 1475 suam

109 1498 304 1575 Interpretari
318 1513 380 1558 non
394 1498 567 1574 potuissent
580 1497 686 1558 Attiolt

108 1581 245 1656 Rogatus
261 1581 373 1642 deinde
384 1571 480 1642 'solvit
492 1597 626 1642 errorem
640 1583 784 1640 omnium.

109 1665 239 1725 Domum
253 1672 282 1726 et
297 1672 474 1725 ornamenta
488 1680 557 1725 eum
570 1664 707 1723 venustis
722 1663 848 1723 hortulis

108 1748 147 1808 Et
162 1747 231 1808 vina
247 1755 350 1808 vetera
365 1748 435 1809 date
449 1744 590 1808 lanificae
603 1747 751 1816 rusticam

107 1831 245 1905 Vestem,
262 1832 400 1905 uniones,
415 1832 606 1908 pedisequos
622 1837 652 1892 et
666 1837 768 1891 cetera

109 1915 154 1975 illi
169 1915 340 1991 adsignata,
355 1915 450 1976 vitam
465 1930 544 1993 quae
557 1917 631 1976 luxu
643 1915 750 1985 trahit,

108 2000 221 2073 Agros,
237 1999 315 2060 vites
331 2006 361 2060 et
374 2016 490 2076 peoora
504 2014 572 2060 eum
587 1999 762 2076 pastoribus

107 2082 227 2143 Donate
240 2084 396 2143 moechae.
423 2085 512 2146 Nulla
525 2085 637 2159 poterit
649 2084 776 2159 perpeti,

107 2165 148 2226 ut
160 2165 296 2227 moribus
312 2167 386 2242 quid
395 2174 497 2228 teneat
511 2167 642 2226 alienum
656 2167 732 2226 suis.

107 2248 261 2310 Deformis
277 2251 388 2311 cultum
402 2251 524 2323 vendet,
539 2255 572 2309 ut
584 2250 689 2309 vinum
702 2255 804 2323 parem

107 2335 210 2407 Agros
226 2332 350 2408 abjiciet
362 2334 501 2408 moecha,
516 2339 550 2392 ut
564 2334 703 2392 ornatum
717 2338 817 2405 gerat;

106 2419 148 2475 At
163 2416 215 2476 illa
228 2418 367 2492 gaudens
381 2429 496 2494 pecore
511 2423 540 2477 et
554 2416 643 2477 lanae
658 2414 762 2476 dedita
801 2452 805 2455 -

108 2499 295 2576 Quaeunque
309 2518 427 2561 sununa
440 2501 540 2562 tradet
553 2499 691 2560 luxuriae
706 2500 838 2559 domum.

107 2582 160 2643 Sic
175 2584 257 2644 nulla
269 2584 450 2660 possidebit,
468 2585 552 2661 qood
567 2585 656 2644 luerit
669 2585 782 2657 datum,
865 2607 868 2613 ·

103 2665 143 2726 Et
157 2666 269 2726 dietam
282 2671 369 2730 matri
384 2671 541 2731 conferent
555 2669 715 2744 pecuniam

104 2750 151 2810 Ex
164 2751 263 2826 pretio
277 2767 387 2830 renim,
402 2768 480 2829 quas
495 2751 687 2811 vendiderint
702 2750 848 2825 singulae.

146 2833 191 2894 lta
205 2834 288 2910 quod
303 2836 464 2898 multorum
478 2835 554 2911 iugit
567 2834 807 2911 imprudentiam,

103 2915 201 2979 Unius
216 2917 348 2980 hominis
363 2909 499 2997 repperit
513 2919 657 2981 sollenia.

460 3058 635 3115 FABULA
656 3059 703 3112 VI.
730 3082 733 3088 ·
811 3100 814 3109 .

248 3151 374 3214 Pudnu
395 3151 615 3214 1111111111
637 3145 901 3213 nuslulhliuht.

148 3255 244 3329 Quum
258 3254 331 3314 vieti
346 3267 448 3313 mures
463 3253 659 3313 mustelarum
674 3247 809 3308 exercitu

102 3338 252 3410 (Historia
267 3338 355 3414 eujus
370 3338 401 3396 in
415 3335 551 3397 tabernis
566 3334 711 3409 pingitur)

101 3421 255 3500 Fugerent
268 3431 298 3483 et
312 3428 396 3483 ortos
410 3417 523 3482 elreu'rn
537 3417 726 3497 trepidarent
739 3432 848 3560 eavozs',⁴
