2326 3810
145 171 186 236 ³8
395 167 567 233 PHAEDRI
588 169 832 238 resolution

144 324 311 399 Ipsumque
325 321 555 398 compilavitnd
568 322 670 383 lumen
685 336 784 385 suum.

146 405 279 466 Onustus
295 405 346 480 qui
361 406 522 480 sacrilegio
538 421 631 481 quum
644 405 825 479 discederet,

144 492 283 565 Repente
296 505 406 551 vocem
420 497 526 550 sanata
541 488 623 550 misit
634 488 769 562 Religio:

144 573 296 636 Malorum
309 573 449 650 quamvis
464 574 523 636 ista
536 571 648 635 suerint
661 586 787 647 munera

144 656 280 732 Mihique
292 656 402 733 invisa,
417 661 524 717 utnon
539 653 680 715 offendar
692 654 817 730 subripi,

145 740 266 816 Tamen,
282 741 423 814 sceleste,
440 739 548 816 spiritu
562 739 684 815 culpam
696 739 773 812 lues,
856 764 857 768 ¹

146 823 222 883 Olim
239 841 330 899 quum
344 823 521 900 adscriptus
532 820 651 882 venerit
662 836 784 898 poenae
797 823 875 883 dies.

146 907 208 967 Scd
223 923 262 967 ne
276 908 355 982 ignis
371 914 476 968 noster
490 905 617 968 facinori
631 907 814 982 praeluceat,

144 990 201 1049 Per
216 1006 306 1064 quem
319 991 474 1052 verendos
488 991 603 1050 excolit
616 991 715 1065 pietas
730 991 816 1064 deos,

143 1073 223 1133 Veto
239 1088 310 1135 esse
324 1076 384 1135 tale
398 1075 521 1135 luminis
535 1073 760 1134 commercium.

143 1157 187 1217 lta
201 1157 294 1218 hodie
308 1170 366 1220 neo
380 1160 535 1218 lucernam
549 1156 589 1217 de
602 1154 727 1215 omnmo
740 1156 830 1217 deum

142 1241 204 1300 Neo
220 1242 259 1300 de
273 1243 397 1301 lucerna
411 1241 458 1300 tas
474 1248 521 1301 cst
535 1239 663 1300 accendi
678 1254 808 1301 sacrum.

186 1324 264 1397 Quot
277 1340 327 1384 res
343 1326 495 1386 contineat
507 1324 568 1384 hoc
583 1329 791 1399 argumentum
805 1324 905 1400 utiles,

141 1407 208 1466 Non
223 1407 388 1483 explicabit
401 1408 488 1484 alius,
504 1424 596 1485 quam
610 1407 664 1482 qui
675 1407 821 1485 repperit

142 1489 299 1564 Significat
312 1493 410 1568 primo
426 1507 530 1568 saepe,
546 1507 624 1567 quos
638 1491 707 1567 ipse
721 1491 842 1565 alueris,

140 1572 204 1632 Tibi
218 1574 347 1635 inveniri
360 1575 491 1636 maxime
505 1574 690 1657 contrariom

142 1655 287 1720 Secundo
301 1659 436 1720 ostendit
449 1660 568 1720 scelera
581 1673 643 1718 non
657 1657 703 1718 ira
717 1659 818 1733 deum,

140 1739 283 1803 Fatorum
297 1743 378 1804 dicto
393 1744 451 1804 sed
465 1742 565 1819 puniri
577 1749 731 1819 tempore;
838 1766 841 1777 ⁴

139 1822 313 1888 Novissime
326 1827 486 1900 interdicit,
500 1841 539 1888 ne
554 1842 623 1885 earm
636 1825 776 1886 malefico

139 1906 235 1967 Usum
249 1910 350 1973 bonus
366 1910 524 1973 consociet
536 1909 627 1971 ullius
641 1910 696 1969 rei.

478 2044 654 2105 FABULA
674 2045 733 2102 XII.

391 2137 516 2202 ΜΔΕ
537 2140 632 2204 ESSE
653 2140 829 2203 Divitias.

179 2237 261 2314 Opes
276 2239 395 2300 invisae
410 2241 516 2304 merito
532 2250 602 2304 sunt
616 2244 686 2305 sorti
701 2244 776 2316 viro,

128 2319 212 2392 ,Quia
227 2323 315 2382 dives
329 2338 520 2387 creaveram
534 2328 656 2389 laudam
671 2327 830 2403 intercipit.
980 2402 984 2409 „

179 2405 270 2465 Caelo
284 2413 427 2483 receptus
441 2417 567 2485 propter
578 2413 719 2472 virtutem
733 2411 880 2471 Hercules

137 2487 233 2559 Quum
248 2489 433 2562 gratulantes
447 2492 668 2566 persalutasset
679 2494 765 2566 deos,
788 2510 790 2514 ’

134 2570 285 2630 Veniente
297 2570 393 2647 Pluto,
409 2574 461 2648 qui
475 2573 627 2637 Fortunae
640 2582 688 2637 est
701 2577 791 2651 filius,

133 2654 252 2714 Avertit
266 2654 383 2715 oculos.
412 2656 541 2719 Causam
558 2660 712 2736 quaesivit
724 2668 820 2748 pater.

134 2736 200 2810 Odi,
217 2738 323 2813 inquit,
339 2740 431 2816 illum,
449 2743 521 2818 quia
534 2745 622 2806 malis
637 2746 754 2806 amicus
769 2751 817 2804 est

134 2818 291 2895 Simulque
305 2822 427 2898 obJacto
442 2833 552 2888 cuncta
565 2831 731 2905 corrumpit
744 2829 839 2889 lucro.
926 2903 929 2907 ¹

470 2959 650 3018 rasura
669 2933 757 3017 xuu'

386 3052 439 3115 DE
459 3053 584 3117 tuone
605 3055 821 3120 mannum,

171 3153 280 3213 Utilius
294 3154 409 3216 homini
423 3156 497 3217 nihil
512 3163 560 3218 est
574 3175 666 3234 quam
679 3165 762 3219 recte
776 3159 877 3234 loquis
923 3173 925 3178 ·

129 3233 290 3296 Probanda
305 3240 421 3300 diruatis
436 3248 484 3302 est
498 3243 620 3317 quidem
635 3243 792 3316 sententia,

123 3316 191 3377 Sed
204 3319 246 3378 ad
257 3322 428 3396 perniciem
441 3327 523 3388 solet
535 3328 587 3403 agi
599 3329 769 3393 sinceritas.

154 3399 259 3473 Quum
274 3420 312 3468 sc
327 3408 466 3473 terarum
479 3412 791 3491 regemieoissetleo
879 3456 882 3461 ,
994 3480 998 3487 ,
