2326 3810
165 166 207 231 36
421 166 594 229 PHAEDRI
615 167 860 230 FABULARUM

164 321 267 393 Aegre
281 319 396 394 recepti
409 325 511 379 tamen
526 325 688 381 evescnmt
702 333 819 380 necem.

164 402 266 462 Duces
281 417 395 476 eorum,
413 403 464 478 qui
479 404 629 479 capitibus
644 418 761 463 cornua
902 470 906 477 ,

164 485 236 546 Suis
252 486 388 560 ligarent,
404 493 438 546 ut
451 488 651 562 conspicuum
665 487 696 545 in
710 486 829 560 proelio

82 636 87 647 ⁸
164 569 321 630 Haberent
334 570 465 646 signnm,
481 571 565 646 quod
580 575 781 645 sequerentur
794 569 915 645 milites,

163 654 301 714 Haesere
315 654 346 713 in
359 653 604 729 pertusumque
619 652 699 729 capti
714 652 753 711 ab
769 653 925 727 hostibus;

165 738 248 811 Quos
264 737 436 798 immolatos
450 736 550 796 victor
564 736 664 796 avidis
679 735 820 798 dentibus

165 821 295 897 Capacis
309 821 371 880 alvi
384 820 491 880 mersit
503 826 635 880 tartemo
651 834 756 896 specu.
1085 834 1119 889 lo

207 904 423 980 Quemcunque
437 905 585 981 populum
598 904 693 964 tristis
708 909 835 968 eventus
849 905 968 980 premit,

162 985 350 1048 Periclitatur
363 989 538 1064 magnitudo
554 988 740 1064 principum;

162 1069 278 1132 Minuta
291 1071 398 1147 plebes
411 1073 495 1134 facili
509 1070 665 1148 praesidio
680 1072 762 1131 latet.

513 1239 770 1298 FABULAVIL

433 1352 816 1418 ‘Plllsslllllts

204 1484 257 1557 Tu,
274 1484 335 1559 qui,
351 1493 468 1561 nasute,
484 1487 598 1561 scripta
613 1485 775 1562 destringis
790 1502 859 1547 mea

161 1569 203 1630 Et
212 1567 273 1629 hoc
284 1567 427 1643 jocorum
441 1570 544 1645 legere
557 1569 678 1630 fastidis
693 1585 800 1646 genus,

161 1653 260 1712 Parva
273 1651 407 1712 libellum
422 1650 538 1714 sustine
552 1653 706 1730 patientia,

162 1736 362 1797 Severitatem
376 1737 483 1797 frontis
496 1738 566 1797 dum
582 1738 671 1812 placo
685 1743 756 1797 luae

161 1819 199 1879 Et
211 1819 243 1878 in
258 1820 413 1897 cothurnis
429 1821 532 1896 prodit
544 1820 689 1895 Aesopus
705 1821 805 1882 novis.
864 1850 870 1864 1

201 1901 323 1961 Utinam
338 1917 395 1960 nec
409 1919 543 1978 unquam
555 1902 629 1962 Pelii
643 1904 777 1964 nemoris
788 1904 864 1980 jugo

160 1984 252 2044 Pinus
266 1984 391 2059 bipenni
407 1985 593 2045 concidisset
606 1985 768 2046 Thessala!
830 1997 832 2001 ‘
855 2019 859 2026 ·

160 2068 224 2127 Nec
238 2068 278 2126 ad
293 2067 455 2144 professae
468 2068 574 2128 mortis
589 2068 737 2129 audacem
750 2071 833 2129 viam
848 2066 856 2078 ’

160 2148 357 2235 Fabricasset
369 2151 471 2227 Argus
488 2166 582 2228 opere
594 2151 730 2213 Palladio
744 2161 849 2226 ratem,

159 2234 356 2312 Inhospitalis
370 2237 468 2312 prima
483 2252 562 2313 quae
575 2236 662 2297 Ponti
676 2237 762 2298 sinus
1078 2245 1111 2299 lo

159 2319 305 2382 Patefecit
318 2321 349 2380 in
364 2321 530 2396 perniciem
545 2321 668 2381 Graium
682 2328 713 2381 et
725 2317 909 2381 Barbardml

159 2402 296 2478 Namque
311 2411 341 2463 et
356 2405 479 2479 superbi
493 2406 575 2478 luget
588 2404 704 2465 Aeetae
718 2404 838 2480 domus,

159 2482 198 2543 Et
212 2500 307 2560 regna
320 2485 422 2544 Peliae
436 2488 553 2545 scelere
567 2487 696 2546 Medeae
707 2488 820 2562 jacent,

160 2565 243 2641 Quae
258 2584 384 2629 saevum
399 2566 552 2643 ingenium
567 2570 658 2629 variis
674 2571 835 2633 involvens
845 2571 945 2632 modis

122 2688 126 2693 =
158 2651 224 2712 lllic
237 2668 295 2728 per
309 2659 391 2712 artus
406 2652 508 2713 fratris
524 2652 669 2729 explicuit
683 2653 795 2730 lugam,
1022 2684 1025 2689 ·
1076 2665 1108 2717 15

158 2735 215 2794 Hie
231 2737 327 2796 caede
341 2736 436 2812 patris
450 2735 607 2799 Peliadum
620 2737 724 2799 iniecit
737 2754 855 2799 manus.

203 2818 281 2892 Quid
295 2819 348 2878 tibi
363 2820 501 2881 videtur?
527 2820 593 2882 Hoc
609 2838 733 2897 quoque
748 2821 897 2882 insulsum
911 2827 967 2897 est,
981 2820 1039 2895 ais,

158 2901 312 2977 Falsoque
327 2901 454 2974 dictum;
470 2904 562 2978 longe
578 2906 649 2978 quia
662 2905 812 2964 vetustior

158 2986 285 3062 Aegaea
297 2987 397 3047 Minos
414 2986 514 3046 classe
528 2988 700 3064 perdomuit
714 2988 791 3048 freta

157 3070 307 3146 iustoque
320 3069 486 3131 vindicavit
501 3070 643 3146 exemplo
657 3071 810 3146 impetum.
1074 3081 1111 3134 2⁰

159 3151 239 3226 Quid
252 3168 325 3229 ergo
340 3170 469 3230 possum
484 3155 586 3214 lacere
600 3154 662 3229 tibi,
678 3155 774 3216 lector
788 3155 872 3230 Calo,

159 3234 192 3294 si
206 3251 264 3296 neo
278 3236 409 3299 fabellae
421 3245 452 3299 te
464 3239 574 3314 juvant
588 3255 645 3300 nec
660 3240 794 3302 tabidae!

157 3318 226 3378 Noli
239 3319 385 3380 molestus
401 3337 472 3383 esse
488 3325 611 3385 omnino
626 3325 744 3399 litteris,

159 3401 308 3480 Majorcm
323 3404 485 3465 exhibeant
500 3423 539 3468 ne
553 3407 606 3469 tibi
620 3408 799 3471 molestiam.
