2326 3810
126 169 169 239 co
384 171 555 234 nunnoni
576 169 820 239 amuranus
877 251 882 255 ¹

423 317 764 386 spinosus.

165 425 232 486 Hoc
248 426 461 500 qualecunque
475 428 523 483 est
535 422 626 483 Musa
640 423 725 496 quod
738 423 909 501 indumen,

124 509 264 583 Nequitia
278 509 391 584 pariter
404 508 509 569 laudat
522 513 552 566 et
566 504 735 581 frugalitas,

125 592 188 652 Sed
202 593 279 653 haec
294 593 487 670 simpliciter3
503 591 555 648 illa
568 590 659 649 tacite
672 590 823 652 irascitur.

499 750 703 765 —ss
734 750 737 771 Ι

323 847 328 851 “
433 838 693 902 ΑΡΡΕΝΒΙΧ
724 839 762 904 ll.

484 961 661 1017 FABULA
681 963 702 1016 Ι.

352 1054 523 1118 lllLUUs
551 1053 838 1119 AEGROTANS.

163 1141 276 1201 Multos
292 1156 385 1214 quum
398 1156 522 1202 menses
536 1147 729 1216 aegrotasset
743 1140 853 1203 nriluus

122 1225 184 1284 Nec
196 1224 261 1299 jam
274 1223 393 1283 videret
407 1239 478 1284 esse
494 1225 574 1284 vitae
589 1240 677 1301 spem
693 1239 778 1305 suae,

122 1307 248 1366 Matrem
263 1306 399 1381 rogabat,
415 1315 525 1371 sancta
540 1308 683 1369 circuiret
696 1308 766 1372 loca

122 1390 159 1450 Et
173 1406 229 1465 pro
244 1391 343 1451 salute
356 1397 430 1452 vota
444 1392 558 1453 iaceret
571 1392 713 1453 maxima.
752 1433 755 1436 »

119 1471 253 1546 Faciam,
270 1473 375 1549 inquit,
390 1473 450 1546 fili;
466 1475 525 1536 sed
538 1490 630 1551 opem
644 1490 683 1533 ne
697 1488 758 1532 non
774 1473 942 1549 impetrem,
1059 1487 1076 1538 5

121 1557 327 1618 Vehementer
340 1572 465 1630 versem
481 1574 552 1619 nam
567 1557 618 1632 qui
634 1554 760 1617 delubra
775 1557 878 1618 omnia

122 1641 258 1701 vastasti
273 1648 303 1701 et
318 1648 426 1701 cuncta
439 1641 575 1717 polluisti
589 1640 696 1702 altaria

123 1724 288 1785 Sacrifioiis
303 1725 392 1785 nullis
408 1741 548 1800 parcens,
564 1740 644 1788 nunc
660 1723 806 1799 quidvis,
821 1732 948 1801 rogem?

164 1808 268 1868 Rebus
283 1808 428 1868 secundis
444 1809 495 1883 qui
511 1809 650 1883 quemvis
666 1807 836 1883 offenderit,

122 1891 262 1951 Amicum
277 1892 416 1953 adversis
431 1893 581 1954 neminem
596 1891 730 1955 inveniet
743 1890 812 1953 sibi.
1041 1906 1075 1958 10

479 2012 656 2068 FABULA
675 2009 709 2066 ll.

333 2102 501 2168 LEPORES
521 2105 635 2167 villu
656 2103 870 2167 Priamei.-

165 2191 220 2265 Qui
235 2189 387 2250 sustinere
400 2205 462 2250 non
478 2208 566 2253 suum
580 2198 684 2269 potest
696 2192 817 2262 malum,

121 2275 266 2350 Inspiciat
280 2274 358 2335 alios
371 2281 464 2351 atque
478 2275 568 2335 cedat
581 2275 719 2350 tempori.

163 2358 197 2415 ln
211 2357 298 2416 silvis
312 2372 422 2431 magno
438 2358 531 2417 territi
547 2357 675 2435 strepitu
689 2356 831 2418 arbomm

120 2441 257 2514 Lepores
273 2440 433 2501 consilium
448 2448 601 2515 ceperunt,
615 2447 649 2500 ut
663 2441 694 2499 in
709 2441 808 2500 lacum
886 2452 889 2475 ²
906 2455 909 2460 ·

122 2522 163 2581 Se
178 2521 413 2597 praecipitarent
426 2528 552 2597 propter
566 2522 711 2583 assiduos
721 2529 834 2590 metus.
1055 2537 1071 2588 5

121 2607 242 2665 Venere
256 2605 296 2664 ad
310 2606 408 2681 ripam
422 2602 555 2665 flmninis
571 2605 662 2665 celeri
677 2605 767 2681 pede,
858 2628 861 2633 ·

119 2689 179 2748 Ubi
193 2705 286 2749 ranae
300 2690 419 2754 multae.
448 2690 489 2749 At
502 2704 611 2767 agmen
625 2688 695 2748 illae
708 2689 760 2749 ubl
775 2691 911 2766 leporum
934 2716 936 2721 ·

120 2772 270 2832 Viderunt
285 2774 420 2847 veniens,
437 2780 625 2851 expaventes
639 2773 772 2833 validius

26 2916 32 2926 ,
120 2857 153 2915 ln
168 2854 294 2916 fluvium
309 2872 379 2916 sese
391 2857 584 2930 jactaverunt
597 2857 746 2933 protinus.

120 2941 222 3015 Lepus
236 2947 307 3000 tunc
321 2955 412 3003 unus:
436 2934 512 2999 Sunt
524 2945 556 2998 et
569 2939 620 2997 alii
636 2939 687 3012 qui
701 2939 819 3010 timent;
951 2972 953 2976 >
1038 2953 1072 3005 lo

121 3023 290 3098 Sequemur
303 3024 405 3096 vitam,
419 3027 454 3084 ut
467 3021 567 3096 ceteri,
584 3037 674 3096 quam
690 3035 759 3083 sors
775 3024 869 3085 dedit.
895 3111 897 3115 ι

475 3144 497 3200 F
504 3143 651 3205 ABULA
670 3144 716 3201 ΙΙΙ.

323 3237 465 3301 umus
485 3236 526 3300 rr
546 3238 723 3303 nouum
744 3202 877 3309 vunslss

162 3322 303 3382 Naturam
316 3332 434 3400 turpem
446 3324 531 3385 nulla
542 3326 665 3389 icauna
676 3324 800 3399 obtegit

119 3407 288 3468 Humanum
301 3406 482 3482 inspeciem
497 3425 589 3482 quum
602 3409 745 3491 vertisset
756 3407 898 3484 iuppiter
