2326 3810
489 157 606 219 LIBER
619 159 672 219 Ν.
760 212 763 217 .
798 210 803 218 ,

105 309 302 387 Persequitur
313 310 397 372 illum
409 310 485 374 diua
499 311 552 370 lati
565 309 699 372 miseria.

149 394 227 454 Galli
243 393 385 470 Cybebes
400 395 514 466 circmn
526 396 559 454 in
573 402 720 468 quaestus
735 396 848 460 ducere

104 477 236 539 Asinum
250 478 390 538 solebant
401 477 588 554 bajulantem
603 480 750 541 sarcinae.

104 561 136 622 Is
152 578 244 636 quum
257 561 363 622 labere
377 570 408 622 et
421 561 521 638 plagis
537 567 621 622 esset
634 569 780 636 mortuus,
869 590 877 598 ·

103 644 248 706 Detracta
260 647 341 721 pelle
356 645 414 707 sibi
429 646 566 707 fecerunt
579 651 735 722 tympana.

104 728 216 804 Rogati
230 745 303 790 mex
316 746 336 790 a
350 730 493 805 quedam,
510 729 620 789 delicie
636 746 692 790 sue

105 811 255 886 Quidnam
270 813 437 874 fecissent?
463 813 523 872 hec
538 813 631 872 locuti
646 815 841 894 suntlmedoe
950 873 952 875 ,

102 895 232 956 Putabat
245 913 280 956 se
293 902 507 974 postmortem
521 911 664 955 securum
676 898 757 970 lere;

103 978 186 1041 Eece
200 980 279 1040 aliae
291 981 403 1057 plagae
418 984 623 1055 congeruntur
636 987 765 1041 mortue.

460 1102 638 1208 nasuta
657 1117 691 1171 11.

511 1209 645 1272 POETA.

146 1313 163 1374 J
165 1312 279 1374 oculari
292 1311 347 1372 tibi
360 1311 508 1387 videmur,
523 1321 554 1374 et
568 1329 644 1374 sane
657 1314 727 1385 levi,

103 1398 183 1460 Dum
196 1395 271 1457 nihil
283 1395 432 1458 habemus
446 1397 555 1473 majus,
572 1399 689 1456 calamo
705 1396 847 1457 ludimus.
954 1435 957 1439 ‹

104 1482 169 1543 Sed
183 1479 343 1556 diligenter
357 1480 473 1541 intuere
486 1482 544 1542 has
558 1481 681 1540 nenias:

104 1565 252 1640 Quantam
266 1564 323 1624 sub
339 1564 399 1625 illis
413 1564 570 1626 utilitatem
582 1565 733 1640 reperies!

103 1649 172 1710 Neu
186 1663 308 1725 semper
322 1663 361 1708 ea
374 1655 452 1723 sunt,
470 1663 550 1723 quae
563 1648 720 1716 videntum
737 1645 850 1720 decipit

102 1731 202 1794 Frons
215 1732 314 1809 prima
327 1731 454 1792 multost
481 1745 552 1791 rara
564 1746 651 1791 mens
666 1729 819 1804 intellegit,

104 1816 194 1891 Quod
206 1816 349 1876 interiere
363 1815 500 1876 condidit
514 1831 587 1877 cura
600 1815 722 1890 augule.
821 1815 827 1834 “

103 1900 171 1961 Hoc
185 1916 224 1960 ne
237 1899 357 1961 locutus
374 1901 440 1960 sine
455 1900 598 1960 mercede
612 1898 776 1969 existimer,

103 1983 259 2045 Fabellam
272 1983 417 2060 adjiciam
431 1984 471 2043 de
484 1984 614 2044 mustela
628 1990 659 2043 et
670 1980 816 2042 muribus.

144 2067 283 2141 Mustela,
301 2084 392 2142 quum
407 2068 495 2128 annis
511 2074 541 2128 et
555 2074 680 2129 senecta
695 2065 804 2126 debilis

102 2151 206 2212 Mures
219 2152 345 2211 veloces
360 2168 422 2212 nen
435 2151 554 2211 valeret
567 2151 707 2227 adsequi,

103 2234 234 2295 Involvit
248 2250 283 2294 se
296 2235 395 2294 lerina
408 2240 438 2294 et
452 2233 584 2295 obscure
598 2235 668 2294 lece
779 2300 780 2303 Ἴ

103 2318 226 2394 Abjecit
238 2319 442 2394 neglegenter.
470 2317 539 2377 Mus
554 2332 658 2376 eseam
671 2321 783 2394 putans

102 2402 237 2463 Adsiluit
250 2408 281 2462 et
295 2417 492 2479 compressus
508 2401 650 2463 occubuit
663 2401 748 2462 neci„
795 2432 803 2438 -

61 2533 65 2545 ,
102 2485 189 2547 Alter
202 2485 341 2547 similiter
353 2486 452 2563 periit,
468 2484 580 2546 deinde
594 2492 625 2546 et
639 2487 755 2546 tertius.

101 2570 229 2645 Aliquot
243 2570 357 2632 secutis
370 2571 454 2631 venit
467 2576 498 2630 et
510 2570 688 2645 retorridus,

102 2653 160 2728 Qui
174 2669 269 2730 saepe
283 2654 411 2730 laqueos
426 2661 457 2715 et
469 2653 641 2730 muscipula
655 2653 817 2728 effugerat;

102 2736 273 2813 Proculque
287 2739 416 2799 insidias
431 2752 561 2797 cernens
575 2737 674 2797 hostis
690 2736 806 2796 callidi=

103 2819 155 2882 Sic
169 2822 285 2897 valeas
301 2821 406 2898 inquit
421 2829 454 2882 ut
468 2821 567 2880 farina
581 2835 624 2895 es,
642 2836 721 2896 quae
732 2819 833 2895 jaces!

453 2960 631 3021 FABULA
651 2958 696 3017 Ill.

357 3057 415 3119 bn
442 3056 589 3120 VULPE
615 3053 670 3116 ET
697 3051 797 3116 UVA.

145 3158 237 3218 Fame
252 3161 360 3219 coacta
372 3158 483 3233 milpes
497 3159 559 3218 alta
573 3158 605 3216 in
618 3155 711 3213 vinea

102 3241 203 3304 Uvam
217 3240 382 3319 adpetebat
396 3241 522 3301 summis
539 3241 653 3301 saliens
667 3231 801 3303 viribus;

104 3326 202 3401 Quam
215 3333 341 3403 tangere
353 3330 386 3386 ut
399 3340 462 3386 nen
475 3323 582 3399 potuit
599 3317 764 3382 discedens
778 3316 834 3385 alta

103 3409 247 3472 Nondum
260 3416 377 3472 matura
391 3417 453 3483 esta
470 3409 540 3471 nole
556 3403 698 3469 acerbam
712 3418 843 3469 sumere.
908 3413 910 3425 ·

148 3509 315 3556 Panaenus.
830 3493 849 3549 3
