2326 3810
146 192 189 257 60
274 197 283 205 '
403 192 575 253 Plintoltl
596 191 839 254 FABULARUM

147 347 292 407 Hortante
306 345 428 407 Baccho
444 352 474 407 et
487 346 617 419 Venere,
633 343 739 405 dulces
754 345 874 422 perlicit

146 431 348 505 Aequalitatis
363 431 440 491 inter
453 431 580 506 plausus
596 428 728 504 nuptias.

147 514 300 586 Quaerunt
313 521 455 590 parentes
469 528 527 590 por
539 526 724 588 praeconem
737 510 844 583 llliama
868 526 874 532 ·

148 597 251 657 Novus
266 600 391 658 maritus
407 597 539 673 coniuge
554 596 669 655 amissa
684 596 776 656 dolet.

147 680 224 753 Quid
240 689 324 742 esset
337 690 438 743 uotum
452 685 616 759 postquam
631 680 747 755 populo
761 679 901 759 innotuit,
916 752 918 759 ¹
1001 686 1004 693 '

147 763 258 825 Omnes
273 766 410 825 favorem
425 762 661 840 comprobarunt
676 764 840 840 caelitum.
914 760 935 770 ”

491 875 668 960 rancun
688 903 750 958 xv.

408 999 577 1063 AESOPUS
598 998 648 1060 ET
668 997 828 1067 DOMINA.

96 1163 98 1167 ,
187 1105 331 1178 Aesopus
345 1101 425 1177 turpi
441 1117 532 1176 quum
547 1101 676 1161 serviret
690 1101 829 1175 laminae,

146 1187 228 1260 Quae
243 1201 278 1244 se
291 1184 488 1260 expingendo
503 1189 599 1244 totum
614 1185 767 1246 intricaret
781 1185 871 1260 diem,

146 1270 279 1340 Vestem,
295 1269 434 1338 uniones,
451 1283 565 1342 aurum,
581 1255 740 1342 argentum
755 1276 898 1343 sumeret,
1006 1326 1010 1333 ,

145 1354 206 1411 Nec
221 1351 368 1409 inveniret
384 1350 478 1425 digito
494 1351 546 1425 qui
561 1367 596 1411 se
609 1358 762 1426 tangeret:

144 1437 267 1494 Licetne
281 1433 397 1509 paucis,
414 1434 532 1508 lnqultv
558 1435 660 1494 Dicas.
690 1435 819 1510 Censeo,

145 1519 270 1593 Quidvis
286 1517 412 1589 efficies,
429 1519 541 1578 cultum
556 1518 582 1577 si
597 1517 789 1594 deposueris.

143 1603 273 1662 Adeone
287 1618 343 1678 per
356 1618 405 1660 mc
418 1602 529 1662 videor
541 1601 594 1661 tibi
610 1602 809 1662 meliuscula?

144 1688 247 1760 immo,
264 1686 322 1746 nisi
337 1685 469 1757 dederis,
486 1687 608 1762 sponda
623 1687 757 1746 cessabit
769 1693 830 1746 tua.

144 1775 183 1830 At
197 1787 259 1829 non
274 1769 438 1830 cessabunt
452 1769 556 1840 latera,
573 1770 740 1845 respondit,
756 1779 817 1844 tua,

144 1854 180 1913 Et
195 1852 350 1927 objurgari
362 1852 456 1928 jussit
468 1866 592 1919 servum
603 1854 770 1927 garmlum.

143 1937 216 1996 Post
229 1937 332 2010 paullo
348 1936 494 1994 armillam
507 1936 584 1995 tollit
599 1938 646 1994 lur
660 1946 843 2011 argenteam.

143 2021 217 2078 Eam
232 2034 293 2080 non
308 2034 458 2093 apparere
472 2025 505 2078 ut
519 2018 633 2077 dictum
651 2026 698 2078 est
712 2022 839 2098 mulieri,

143 2104 257 2162 Furore
272 2103 365 2178 plena
377 2108 470 2161 vocat
485 2117 591 2162 omnes
606 2108 636 2162 et
649 2103 779 2164 verbera

143 2187 288 2263 Proponit
302 2185 415 2262 gravia,
431 2200 537 2244 verum
553 2186 579 2246 si
593 2201 656 2247 non
673 2188 812 2248 dixerint.

143 2273 220 2332 Aliis
234 2271 359 2344 minare,
376 2270 481 2345 inquit,
498 2285 546 2329 me
561 2287 623 2330 non
638 2270 735 2343 lalles,
752 2273 841 2344 hera;
868 2292 870 2299 ·

144 2354 259 2429 Flagris
275 2371 343 2414 sum
358 2369 477 2427 caesus,
494 2369 599 2413 verum
615 2357 686 2429 quia
702 2355 766 2415 dixi
780 2356 883 2416 modo.

185 2438 250 2496 Hac
265 2437 475 2496 demonstrare
488 2439 585 2498 voluit
600 2447 706 2498 auctor
720 2438 830 2513 fabula,

144 2521 236 2594 Quam
253 2527 363 2579 noceat
377 2535 471 2595 saepe
487 2521 576 2581 nobis
590 2537 696 2582 veram
711 2523 824 2596 dicore.

480 2658 655 2716 FABULA
675 2660 749 2715 XVI.

255 2752 396 2814 cantus
417 2753 622 2816 naovrcnn
645 2718 1001 2820 retruderemus
1058 2808 1061 2813 .

184 2851 272 2911 Feles
287 2850 420 2910 habebut
434 2855 532 2927 gallus
547 2855 729 2915 lecticarios.

142 2937 229 2998 Hunc
243 2933 378 3011 gloriose
393 2937 502 3010 vulpes
515 2944 549 2996 ut
565 2938 639 2996 vidit
650 2938 732 3009 vehi,

143 3022 194 3081 Sic
209 3027 256 3080 est
269 3021 385 3080 locuta:
415 3018 526 3096 Moneo
541 3034 729 3096 praecaveas
745 3022 864 3095 dolnrn;

144 3104 272 3164 lstorum
286 3105 387 3164 mallus
402 3119 534 3180 nomque
549 3103 576 3164 sl
591 3106 781 3180 consideras,

142 3186 290 3246 Praedam
305 3196 427 3262 portare
440 3189 571 3265 J'udices,
588 3207 650 3250 non
665 3190 825 3251 sarcinam.

142 3269 307 3344 Postquam
319 3272 436 3333 esurire
451 3274 553 3350 coepit
567 3276 699 3336 societas
715 3276 788 3350 iera,

142 3353 312 3428 Discerpsit
326 3353 481 3417 dominum
496 3367 526 3419 et
540 3360 611 3421 lecit
625 3366 727 3436 partes
743 3359 887 3419 iocinoris

183 3436 281 3498 Nimia
296 3436 325 3496 in
340 3439 486 3513 periclum
501 3442 585 3504 ducit
598 3460 656 3504 nos
672 3444 830 3503 securitas.
