2326 3810
414 231 610 294 aprunum
629 233 680 293 111„

73 386 264 462 componere
279 382 394 446 cannas
407 385 679 462 videmnt'lippum
691 400 767 448 suas

73 470 111 529 llt
123 469 211 530 visco
226 469 362 530 inserere
376 469 522 530 festucas.
549 468 602 528 Sic
616 469 771 547 simplices

72 553 154 613 lnler
168 568 203 613 se
218 553 321 614 dicere
334 560 516 629 coeperunt=
546 550 579 627 0,
594 569 686 628 quern
699 555 783 630 pium
1004 564 1023 619 l
1100 600 1103 605 -

72 636 221 698 Videmus
236 636 404 708 hominem3
427 637 571 697 lacrimae
585 653 717 712 namque
730 635 886 714 profluunt

70 720 117 780 Ex
133 720 229 782 oculis
244 721 287 780 illi
302 722 394 781 nimia
406 720 551 796 bonitate,
564 721 686 795 quoties

70 804 134 864 Nos
150 804 269 880 aspicit
298 805 381 864 Tunc
394 804 520 879 reliquis
535 820 596 864 una
609 806 745 879 astutior,

69 887 205 963 Experta
220 902 326 948 omnes
343 903 422 964 quae
437 888 534 947 luerat
548 887 676 963 aucupis
690 890 790 963 dolos,

70 970 194 1031 Dixisse
209 972 316 1031 fertur:
344 970 459 1047 Fugite,
475 970 631 1046 simplices
645 986 731 1046 aves,
990 984 1022 1036 10
1134 986 1139 995 '

69 1053 107 1113 Et
120 1053 179 1114 hac
194 1071 213 1114 a
227 1055 336 1116 fraude
348 1071 407 1116 vos
422 1055 529 1132 eripite
543 1053 692 1130 protinus.

70 1137 147 1198 Nam
161 1137 188 1198 si
204 1152 393 1214 cognoscere
406 1155 513 1200 verum
527 1139 636 1215 placet,
650 1138 798 1201 intendite
835 1150 838 1155 ’
920 1158 923 1163 ·

68 1221 120 1281 Ad
134 1222 266 1283 hominis
282 1238 386 1299 opera,
403 1223 463 1297 qui,
481 1239 558 1299 quas
573 1223 682 1283 fraude
696 1223 820 1300 ceperit,

69 1304 103 1364 ln
119 1306 214 1365 lunda
227 1321 300 1366 mox
313 1313 442 1383 reponet
457 1307 578 1368 occisas
592 1321 658 1367 sua.

110 1388 177 1448 Non
191 1390 406 1465 negligendum
422 1389 582 1453 consilium
597 1390 756 1466 prudentis
772 1398 828 1453 est.
987 1392 1021 1456 'lt

419 1509 597 1567 FABULA
618 1509 677 1565 Vll.

246 1559 249 1569 ’
302 1601 455 1666 rutrur
474 1603 524 1665 rr
544 1602 657 1664 cunr
678 1603 787 1667 nvas.

109 1704 227 1777 Vultur,
244 1705 376 1766 natalem
390 1706 537 1766 simulans
552 1720 588 1765 se
602 1703 767 1778 celebrare,
782 1719 859 1767 aves
925 1780 935 1791 Ι

71 1787 200 1847 Domum
215 1787 362 1849 invitavit.
390 1789 508 1850 Deinde
522 1789 681 1865 ingressio
694 1788 806 1851 ostium

70 1870 203 1932 Occlusit
218 1879 310 1948 atque
324 1874 456 1935 caedere
470 1872 573 1951 coepit
586 1872 733 1948 singrrlas.

105 1954 156 2014 Sic
171 1971 259 2031 spem
273 1957 439 2019 tribuentes
454 1972 550 2033 saepe
564 1963 684 2017 struunt
696 1957 858 2031 condaris.
963 1963 968 1969 '

408 2076 588 2134 FABULA
607 2076 679 2131 vill.

282 2171 413 2235 Plinii
441 2170 501 2233 ΕΤ
532 2167 798 2234 ecoerllts

110 2276 143 2334 ln
158 2274 237 2336 silva
251 2274 368 2334 iactans
382 2288 460 2349 puer
472 2271 603 2346 aucupia
618 2272 773 2348 scorpium

69 2357 133 2418 Sub
147 2358 251 2433 lapide
266 2357 350 2419 vidit.
378 2356 435 2416 Hic
450 2355 571 2415 conanti
585 2361 719 2416 verteret

68 2440 157 2515 Vide,
173 2441 278 2517 inquit,
294 2457 333 2502 ne
347 2456 396 2500 me
411 2446 538 2515 captans
552 2445 583 2498 te
596 2437 710 2514 perdas
725 2439 828 2501 miser.

110 2525 190 2585 Nihil
206 2525 389 2596 audendum,
407 2523 490 2599 quod
505 2522 545 2583 sit
559 2521 772 2598 periculosius.

419 2642 599 2700 FABULA
618 2641 665 2697 lx.

277 2736 442 2799 Asellus
462 2735 592 2798 AEGER
611 2735 661 2798 El
681 2735 809 2799 tillus

110 2841 240 2904 Asinum
254 2854 380 2915 aegrum
394 2838 467 2900 visit
480 2839 570 2915 lupus
585 2844 616 2898 et
630 2836 732 2914 coepit
745 2843 881 2914 tangere.

69 2924 278 3000 interroganti,
294 2924 433 3001 corporis
450 2938 529 2999 quae
543 2921 676 2982 maxime

68 3008 173 3069 Partes
188 3007 341 3068 dolerent=
371 3006 452 3081 Quas
466 3012 499 3073 tu
513 3004 623 3081 ungis,
639 3005 690 3065 ille
704 3005 755 3065 ait.

112 3091 164 3152 Sic
179 3105 214 3151 se
229 3090 380 3165 prodesse
395 3106 488 3167 quum
502 3091 627 3165 fingant,
643 3089 715 3149 mali
729 3096 850 3150 nocent.

424 3208 603 3267 FABULA
622 3208 658 3263 X.

132 3302 183 3364 DE
204 3299 321 3363 lllllco
342 3300 492 3365 llnleldl
513 3302 564 3366 ΕΤ
584 3302 720 3366 TRIBUS
741 3303 957 3369 lssrlomslrs.

111 3387 185 3446 Tres
198 3386 323 3447 hoeduli
339 3402 431 3462 quum
446 3389 602 3462 quondam
615 3388 765 3465 majorem
779 3405 905 3468 caprum

71 3470 217 3531 Viderent
232 3470 346 3546 lugere,
361 3470 540 3549 deriserunt,
556 3473 641 3549 quod
655 3472 764 3535 timens
784 3556 831 3618 ν
