2326 3810
191 167 212 228 2
307 110 310 117 Ι
442 160 616 223 PHAEDRI
636 158 880 221 FABULARUM

189 313 278 385 Pater
290 313 414 377 hercule
428 320 507 388 tuus,
522 313 628 389 inquit,
641 311 721 371 male
735 310 812 370 dixit
825 309 908 368 mihi.

189 400 291 472 Atque
305 398 348 458 ita
362 404 533 474 correptum
547 397 661 456 lacerat
673 395 789 469 injusta
801 408 887 453 nece.

232 481 316 541 Haec
329 489 456 557 prepter
468 479 538 542 iilos
554 480 669 554 scripta
683 484 730 537 est
742 477 883 537 homines
899 475 1010 551 rauna,

192 564 247 636 Qui
262 564 341 624 fictis
358 566 460 628 causis
476 566 654 624 innoeentes
670 561 854 637 opprimunt

549 697 724 755 FABULA
745 698 777 754 tt.

402 791 531 854 nattam
552 792 685 856 Renum
705 791 926 857 PETIERUNT.

233 893 373 953 Athenae
389 909 481 966 quum
495 891 641 955 florerent
654 895 762 971 aequis
777 893 905 970 legibus,

189 976 308 1035 Procax
322 974 447 1036 libertas
462 977 615 1040 civitatem
628 978 749 1040 miscuit

189 1059 383 1134 Frenumque
399 1059 492 1122 seivit
505 1062 665 1137 pristinum
678 1059 809 1121 lieentia

190 1140 247 1203 Hie
262 1143 446 1218 conspiratis
461 1145 627 1205 tactionum
640 1144 779 1221 pertibus
884 1182 889 1189 ⁴

190 1228 302 1285 Arcem
316 1232 465 1302 tyrannus
481 1234 612 1303 oeenpat
623 1227 812 1288 Pisistratus.

191 1309 289 1383 Quum
302 1310 418 1370 tristem
433 1311 610 1371 servitutem
623 1311 733 1372 flerent
743 1310 845 1383 Attici,

191 1393 271 1465 (Non
288 1393 360 1469 quia
375 1393 508 1454 erudelis
522 1395 582 1468 iiie,
598 1396 655 1455 sed
670 1395 814 1471 quoniam
829 1408 922 1469 grave

194 1473 290 1537 Omne
303 1477 432 1536 insuetis
448 1484 540 1554 onus)
555 1484 586 1538 et
600 1479 777 1554 coepissent
791 1476 886 1552 queri,

191 1561 337 1636 Aesepus
352 1560 443 1620 telem
457 1568 520 1622 tum
534 1560 676 1622 fabellam
689 1561 812 1622 rettulit.

231 1644 338 1704 Ranae
351 1651 500 1720 vagantes
513 1644 616 1706 liberis
630 1643 795 1721 paludibus

194 1729 333 1788 Clamore
347 1744 457 1802 magno
472 1745 575 1804 regem
589 1730 705 1805 petiere
720 1746 739 1790 e
752 1728 839 1800 Jove,

192 1811 249 1884 Qut
263 1810 432 1870 dissolutos
446 1827 547 1870 mores
561 1813 593 1870 vi
608 1817 828 1885 eempeseeret.

191 1895 280 1952 Pater
294 1893 422 1952 deorum
435 1893 502 1954 risit
515 1900 607 1968 etque
621 1894 681 1953 iilis
695 1892 781 1953 dedit

191 1978 323 2038 Parvum
335 1975 471 2051 tigillum,
486 1977 616 2036 missum
630 1977 716 2052 qued
730 1973 832 2036 subite
846 1973 918 2035 vadi

191 2061 278 2120 Motu
293 2074 435 2135 sonoque
448 2060 554 2120 terruit
567 2059 714 2136 pavidum
727 2073 837 2134 genus
851 2069 853 2073 ·

191 2145 258 2203 Hoc
272 2157 406 2202 mersum
418 2143 490 2204 time
507 2160 601 2220 quum
612 2143 731 2219 teneret
745 2141 869 2214 diutius,
885 2183 888 2189 -

87 2289 89 2293 Α
192 2228 282 2288 Forte
296 2243 358 2288 une
371 2227 461 2287 tacite
475 2228 591 2302 profert
606 2243 623 2287 e
638 2234 747 2302 stagno
761 2232 855 2300 eaput

191 2313 229 2371 Et
242 2312 401 2386 explorato
415 2327 488 2386 rege
503 2319 629 2373 cunetas
644 2317 763 2371 evocat.

192 2395 265 2452 Illae
278 2395 387 2453 timore
401 2396 503 2470 posito
519 2396 654 2454 certatim
665 2394 812 2454 adnatant

192 2477 382 2551 Lignumque
397 2492 491 2551 supra
504 2474 593 2536 turbe
606 2475 748 2551 petulans
761 2474 864 2534 insilit.

193 2560 282 2634 Quod
298 2575 392 2635 quum
404 2558 620 2634 inquinassent
634 2558 716 2618 omni
729 2555 920 2628 eentumeiie,

139 2644 143 2653 “
192 2644 295 2703 ΑΙίιιιη
308 2649 452 2717 rogantes
465 2658 569 2717 regem
581 2642 695 2702 misere
708 2641 879 2714 edentem

192 2726 310 2786 Inutilis
325 2726 469 2801 queniam
484 2732 569 2787 esset
579 2727 635 2802 qui
650 2726 749 2786 fueret
761 2724 864 2785 datus.

163 2845 169 2859 ·
191 2811 267 2872 Tum
280 2809 362 2870 misit
375 2810 434 2869 iliis
448 2810 589 2886 hydrum
605 2809 658 2886 qui
672 2809 767 2871 dente
779 2820 891 2884 aspere

21 2854 26 2861 ⁷
132 2944 135 2950 .
194 2894 354 2969 Corripere
368 2893 470 2968 eoepit
484 2894 631 2968 singutas.
656 2892 784 2953 Frustra
797 2904 904 2952 neeem
1043 2946 1046 2951 .

191 2978 332 3054 Fugitant
344 2977 466 3051 inertes,
480 2992 590 3036 veeem
603 2975 776 3052 praecludit
786 2979 898 3035 metus.
989 2974 992 2980 ’
1130 3030 1134 3037 .

191 3061 306 3122 Furtim
319 3061 411 3137 igitur
423 3061 499 3121 dent
511 3060 661 3121 Mereurio
676 3057 821 3119 mandata
833 3055 1007 3131 ediovem,

192 3143 334 3204 Adflietis
348 3152 382 3205 ut
396 3150 562 3206 succurrat
585 3143 673 3206 Tune
686 3149 793 3203 eontm
806 3141 900 3203 detnsa

194 3228 271 3300 Quia
285 3228 427 3289 noluistis
441 3237 578 3292 vestrum
591 3228 680 3298 ferre,
695 3225 803 3303 inquit,
817 3224 941 3298 bonum,
1016 3297 1025 3305 ,
1051 3276 1054 3283 .
1076 3186 1079 3193 V
1131 3198 1137 3205 ⁸

187 3310 304 3370 Melum
315 3312 460 3385 perferte.
485 3314 554 3374 Vos
570 3328 704 3389 quoque,
720 3326 739 3372 e
752 3310 848 3382 cives,
860 3307 915 3382 eit,

172 3391 246 3450 Hoc
256 3395 423 3474 sustinete,
438 3395 544 3474 maj-tes
560 3414 600 3462 ne
614 3397 720 3462 veniet
729 3393 867 3458 meient-
