2326 3810
453 187 568 247 LIBER
582 188 618 246 ΙΙ.
747 244 751 248 i
840 187 842 191 ’
969 183 1008 250 17

66 338 165 399 Gratis
181 338 338 411 anhelans,
354 338 448 397 multa
461 338 582 412 agendo
597 338 671 397 nihil
686 354 790 416 agens

65 421 130 483 Sibi
144 421 274 481 molesta
288 427 317 480 et
331 422 398 480 aliis
414 421 621 481 odiosissime.

63 505 150 587 lianc
164 505 336 579 emendare,
352 506 380 564 si
395 512 495 565 tamen
509 520 648 580 possum,
663 505 736 566 volo
992 515 1009 567 5
1091 565 1093 569 ,

62 589 148 649 Vera
161 587 286 668 fabella:
302 589 432 664 pretium
447 594 495 648 cst
508 603 622 662 operae
637 586 804 651 attendere.

106 672 221 731 Caesar
234 671 372 732 Tiberius
389 688 482 746 quum
495 678 603 745 petens
618 672 777 748 Neapolim

64 755 316 827 lnMisenensem
330 755 432 814 villam
446 754 583 814 venisset
597 772 693 835 suam,

34 843 36 845 ’
63 838 148 913 Quae
162 844 264 899 monte
279 854 397 898 summo
413 839 515 912 posita
527 838 645 897 Luculli
659 855 751 898 manu

37 946 40 951 ·
58 921 240 996 Prospectat
255 921 391 981 Siculum
407 927 436 979 et
449 920 574 994 respicit
587 920 719 983 Tuscum
733 930 832 980 mare:

61 1005 110 1064 Ex
124 1005 282 1065 alticinctis
297 1021 377 1065 unus
392 1003 584 1075 atriensibus,

26 1108 29 1112 <
63 1087 118 1148 Cui
131 1088 234 1148 tunica
248 1088 286 1148 ab
301 1088 435 1148 humeris
449 1087 543 1148 linteo
557 1086 679 1147 Pelusio

61 1172 134 1232 Erat
147 1173 299 1244 destricta,
317 1172 403 1230 cirris
419 1171 672 1247 dependentibus,

61 1254 292 1326 Perambulante
306 1255 386 1315 lacta
401 1254 525 1315 domino
538 1254 657 1327 viridia,

61 1338 192 1402 Alveolo
208 1339 309 1413 eoepit
322 1339 424 1413 ligneo
440 1351 645 1413 conspergere

61 1420 193 1482 Humum
207 1426 404 1494 aestuantem,
416 1422 537 1498 jactans
553 1421 656 1484 officio
669 1436 802 1491 comam;

62 1503 126 1565 Sed
141 1505 304 1566 deridetur.
332 1506 406 1565 Inde
420 1506 501 1566 notis
515 1504 648 1566 flexibus

60 1587 230 1648 Praecurrit
243 1590 335 1649 aliurn
349 1590 380 1648 in
394 1597 529 1665 xystum,
544 1589 659 1648 sedans
675 1588 842 1661 pulverem.

61 1672 210 1746 Agnoscit
225 1673 378 1733 hominem
394 1672 507 1733 Caesar
519 1685 648 1744 remque
662 1669 816 1742 intellegit.

62 1754 98 1815 ld
111 1761 145 1816 ut
158 1757 276 1831 putavit
290 1772 361 1816 esse
375 1755 480 1815 nescio
497 1753 572 1830 quid
586 1753 675 1813 boni:
761 1770 763 1774 ⁴

60 1838 160 1898 Heus!
178 1839 276 1916 inquit
290 1839 442 1900 dominus.
472 1837 525 1897 llle
540 1836 695 1898 enimvero
711 1836 822 1907 adsilit,

61 1922 241 1983 Donationis
256 1924 357 2003 alacer
372 1929 472 1984 certae
487 1920 610 1998 gaudio.

33 2068 38 2073 ,
60 2005 137 2064 Tum
151 2006 196 2065 sic
207 2005 312 2080 jocata
326 2014 373 2067 est
386 2012 470 2068 tanta
482 2005 630 2080 maiestas
647 2003 752 2065 ducis:

61 2087 128 2147 Non
143 2090 268 2150 multum
283 2091 371 2166 egisti
386 2097 417 2150 et
430 2106 525 2167 opera
539 2089 742 2163 nequicquam
757 2087 850 2164 pena

60 2170 155 2233 Multo
170 2172 298 2247 majoris
314 2175 423 2249 alapae
437 2189 558 2235 mecum
573 2177 715 2232 veneunt.

411 2279 588 2365 rasura
607 2309 666 2365 vu.

339 2402 480 2479 tottila
499 2403 548 2466 ET
570 2399 724 2467 CORNIX,

105 2509 216 2569 Contra
229 2513 369 2584 potentes
382 2500 472 2570 nemo
487 2514 534 2567 est
547 2507 680 2568 munitus
696 2504 788 2574 satia
883 2549 887 2554 ,

63 2592 98 2654 Si
111 2607 186 2652 vero
201 2591 334 2652 accessit
348 2592 524 2653 consiliator
538 2590 706 2661 maleficus,

61 2675 119 2736 Vis
134 2681 165 2736 et
177 2675 313 2751 nequitia
328 2675 474 2751 quicquid
489 2679 676 2749 oppugnant
692 2671 761 2733 ruit.

102 2759 216 2834 Aquila
230 2759 261 2819 in
276 2759 405 2819 sublime
419 2757 541 2818 sustulit
554 2756 747 2816 testudinem.

63 2841 148 2916 Quae
164 2857 257 2918 quum
271 2841 442 2903 abdidisset
457 2855 569 2902 cornea
583 2854 696 2914 corpus
713 2838 806 2898 domo
992 2849 1008 2900 5

13 2956 18 2964 ·
60 2927 126 2986 Nee
139 2926 201 2987 udin
216 2932 307 3001 pacto
322 2926 403 2986 laedi
417 2932 526 3001 posset
539 2924 672 2995 condita,

39 3066 44 3071 .
61 3009 155 3070 Venit
168 3022 224 3085 per
237 3024 328 3070 auras
344 3010 451 3069 cornix
466 3016 496 3069 et
509 3014 635 3083 propter
648 3008 775 3070 volans:

62 3091 202 3168 Opimam
217 3107 292 3153 sane
305 3092 452 3168 praedam
466 3092 594 3166 rapuisti
607 3089 776 3163 unguibus3

62 3175 127 3238 Sed
141 3175 200 3236 nisi
215 3170 386 3237 monstraro
403 3175 477 3250 quid
492 3175 532 3234 sit
545 3172 718 3234 ledendum
731 3167 794 3240 tibi,

62 3259 155 3319 Gravi
169 3259 373 3336 nequicquam
387 3265 417 3319 te
431 3257 559 3317 lassabit
571 3255 718 3330 pondere.
976 3263 1010 3315 lo

61 3342 218 3417 Promissa
230 3350 318 3418 parte
332 3343 450 3414 suadet,
466 3347 499 3400 ut
513 3338 680 3416 scopulum
692 3351 788 3415 super

57 3425 138 3502 altis
150 3425 190 3483 ab
204 3427 296 3488 astris
310 3427 422 3507 duam
436 3426 551 3492 inlidat
564 3425 731 3502 corticem,

39 3534 43 3541 .
86 3522 258 3570 enarrans.
311 3511 314 3516 ’
831 3511 858 3561 ‘2
