2326 3810
117 162 157 224 16
366 158 538 220 PHAEDRI
559 159 803 221 FABULARUM

115 312 241 389 Derepit
254 312 294 372 ad
308 310 407 372 cubile
422 317 544 372 setosae
559 310 639 370 suis:
704 324 710 331 ⁷

114 396 235 470 Magno,
251 395 357 472 iuquit,
373 394 403 455 in
418 394 533 474 periclo
548 400 621 470 sunt
632 393 694 452 nati
708 391 766 473 tni;

115 479 200 551 Nam,
216 478 305 538 simul
321 476 432 538 exieris
448 483 569 552 pastum
581 491 649 539 cum
663 482 767 534 tenero
783 489 887 553 grege,

113 562 228 637 Aquila
242 566 289 621 est
302 557 409 636 parata
422 556 533 635 rapere
545 558 700 635 porcellos
715 557 779 637 tibi.
1027 570 1064 624 15

114 645 202 706 Hunc
218 660 341 721 quoque
354 644 463 704 timore
477 640 641 719 postquam
656 640 819 718 complevit
832 643 942 717 locum,

113 727 231 788 Dolosa
244 733 308 790 tuto
324 725 461 787 condidit
476 740 547 785 sese
562 738 649 784 cavo.

113 810 189 870 lude
203 817 332 887 evagata
345 815 437 870 noctu
451 821 604 885 suspenso
619 808 709 883 pede,

113 893 173 953 Ubi
188 909 261 954 esca
275 908 310 954 se
323 891 453 968 replevit
467 897 497 951 et
510 892 628 967 prolem
641 907 736 964 suam,

113 970 262 1037 Pavorem
276 976 423 1037 simulans
437 975 587 1051 prospicit
598 979 662 1034 toto
678 973 737 1034 die.

112 1059 243 1120 Ruinam
257 1066 396 1121 metuens
410 1059 513 1135 aquila
525 1057 617 1117 ramis
634 1056 769 1128 desidet;
861 1070 864 1077 ‘

113 1143 199 1217 Aper
212 1144 352 1219 rapinam
365 1143 465 1202 vitans
480 1155 542 1221 non
556 1139 660 1216 prodit
673 1139 767 1199 iores.
880 1140 882 1145 '

115 1224 194 1297 Quid
208 1229 323 1286 multat
351 1225 457 1284 Inedia
472 1230 542 1283 sunt
556 1220 729 1300 consumpti
745 1237 813 1283 eum
828 1223 894 1284 suis

113 1306 257 1384 Felisque
272 1308 381 1369 catulis
395 1308 511 1380 largam
524 1304 730 1381 praebuerunt
745 1306 865 1382 dapem.

153 1389 304 1464 Quantum
318 1390 410 1450 homo
427 1390 568 1463 bilinguis
584 1404 679 1466 saepe
693 1391 854 1450 concinnet
866 1389 946 1463 mali,
1025 1399 1060 1452 25

112 1472 336 1536 Documentum
348 1472 462 1534 habere
477 1474 569 1542 stulta
582 1472 746 1534 credulitas
761 1478 872 1549 potest.

473 1607 649 1666 FABULA
668 1608 705 1669 V.

337 1701 487 1767 causan
507 1704 568 1783 [ln
592 1702 831 1766 auunculum.

152 1803 254 1865 Rhodi
267 1803 404 1864 Tiberius
418 1804 508 1878 Nero,
524 1811 632 1880 captus
647 1803 768 1865 iu‘sulac

104 1886 304 1960 salubritate,
321 1901 415 1962 quum
428 1887 566 1947 tribunus
581 1887 706 1958 viveret,
744 1900 746 1906 ’

112 1970 178 2030 Non
192 1983 272 2043 raro,
287 1976 320 2029 ut
333 1969 431 2030 Musis
446 1969 515 2044 ipse
530 1970 661 2042 deditua
678 1970 708 2028 in
723 1968 838 2031 scholis

113 2051 237 2126 Sophos
251 2052 367 2113 audivit
381 2056 473 2128 atque
488 2052 591 2113 officia
603 2057 708 2114 mutuo

111 2135 162 2194 Ex
173 2150 274 2211 aequo
289 2150 388 2211 prope
402 2139 472 2195 eum
485 2135 622 2211 plurimis
637 2137 783 2195 exercuit.
909 2149 912 2152 ·

111 2217 156 2277 lbi
170 2218 334 2294 Diogenes,
350 2219 564 2294 grammaticus
578 2218 767 2299 pernobilis

112 2300 292 2378 Quibusque
306 2303 415 2364 solitus
431 2304 589 2380 disputare
603 2301 747 2375 sabbatis,

111 2385 292 2444 Venientem
307 2387 470 2462 quondam,
485 2394 519 2447 ut
533 2403 568 2446 se
582 2385 742 2446 docentem
756 2389 843 2444 extra
857 2384 996 2444 ordinem

112 2466 249 2540 Audiret,
264 2482 327 2527 non
341 2468 462 2527 admisit
476 2484 513 2527 ee
525 2483 582 2543 per
596 2469 751 2528 servulum
1053 2535 1056 2540 .

111 2549 146 2608 In
162 2549 323 2625 septimum
338 2549 489 2625 superbus
504 2550 620 2610 distulit
634 2550 724 2609 diem.
974 2606 977 2612 .
1026 2560 1059 2612 lo

113 2630 369 2693 salutaturus-hic
382 2633 513 2708 utvenit
523 2639 637 2709 postea
683 2641 686 2646 ’
1042 2631 1045 2634 ’
1096 2644 1101 2655 ’

112 2715 248 2789 Romam,
264 2730 321 2791 pro
336 2715 453 2777 loribus
468 2717 639 2778 adstantem
652 2715 726 2776 nihil
740 2716 872 2792 amplius

112 2798 281 2858 Admonuit
291 2799 404 2860 Caesar
417 2816 508 2876 quam
522 2807 720 2876 postumum
732 2799 896 2875 septimum,
1004 2856 1008 2863 ,

112 2880 163 2940 Ad
178 2895 212 2940 se
227 2881 421 2942 salutandum
434 2890 468 2943 ut
480 2885 572 2944 vellet
583 2883 738 2943 reverticr.
1001 2907 1004 2915 ·

153 2964 200 3023 Nil
215 2964 432 3026 Graeculorum
447 2965 527 3027 fastu
541 2973 589 3027 est
602 2965 830 3041 impudentius]
1025 2976 1064 3029 ιθ

466 3100 641 3159 FABULA
660 3101 708 3158 VI.

289 3193 382 3258 rruu
402 3193 552 3260 crusna
571 3196 623 3260 nu
644 3166 894 3261 arumnsuns

149 3299 207 3360 Est
220 3297 410 3360 ardalionum
424 3300 576 3375 quaedam
588 3298 704 3361 Romae
718 3298 810 3370 natio,

99 3380 237 3458 Trepide
253 3396 459 3460 concausam,
476 3389 631 3462 occupata
640 3383 675 3445 in
688 3382 762 3456 otio,
