2326 3810
486 184 669 257 emnam.

104 346 209 421 Sinite,
226 347 332 423 iuquit,
348 344 416 407 ilias
431 344 529 422 gioria
542 354 624 407 vana'
637 346 696 408 frui

103 432 141 493 Εἰ
152 447 304 507 usurpare
317 430 412 490 vestri
427 439 565 492 amatum
579 432 723 504 muneris,

103 515 197 576 Pares
212 516 285 576 dum
298 530 360 575 non
375 515 436 575 sint
448 522 571 575 vestrae
586 514 763 575 tortitudini.

144 600 212 660 Hoc
226 604 434 676 argmuentum
447 604 558 671 m'ouet,
575 605 607 658 ut
621 599 773 660 sustineas
787 597 842 658 tibi

102 683 215 745 Habitu
229 698 300 744 esse
314 683 438 757 similes,
456 682 507 758 qui
522 683 583 745 sint
598 682 705 743 virtute
717 682 863 758 inpares.
960 706 965 713 ·

345 855 350 866 .
431 788 716 883 annotarim.

336 912 392 975 oa
411 912 810 978 scatente-contonat.

146 1013 243 1087 Quum
257 1014 297 1075 de
311 1014 441 1074 fortunis·
456 1015 581 1090 quidam
595 1020 771 1090 quereretur
784 1016 859 1088 suis,
905 1027 909 1036 '

104 1097 248 1173 Aesopus
263 1098 351 1159 finxit
365 1099 672 1177 consolandigratia=

146 1181 267 1241 Vexata
281 1183 383 1242 saevis
398 1183 487 1243 navis
500 1182 742 1260 tempestatibus

103 1265 184 1324 Inter
197 1273 353 1326 vectormn
367 1267 508 1328 lacrimas
524 1274 554 1327 et
567 1268 673 1328 mortis
686 1272 807 1338 metum,

103 1346 225 1408 Faciem
240 1351 280 1409 ad
295 1365 435 1409 serenam
449 1351 550 1412 subito
564 1358 598 1411 ut
611 1358 741 1413 mutatur
755 1351 831 1426 dies,
883 1375 886 1379 ·

102 1430 186 1492 Ferri
201 1433 346 1494 secundis
359 1440 423 1494 tuta
437 1435 539 1510 coepit
552 1434 675 1496 flatibus

103 1514 262 1591 Nimiaque
276 1524 385 1578 nautas
399 1518 549 1579 hilaritate
564 1520 721 1580 extollere.
795 1544 799 1551 ·

102 1596 213 1660 Faetus
226 1600 349 1676 periclis
364 1607 427 1660 tum
441 1602 626 1676 gubernator
640 1603 775 1677 sophust

102 1680 196 1742 Parce
211 1685 345 1759 gaudere
360 1691 480 1760 oportet
494 1692 524 1745 et
538 1685 652 1745 sensim
668 1684 763 1759 queri,

102 1764 208 1827 Totam
222 1767 294 1843 quia
307 1768 402 1829 vitam
415 1768 523 1830 miscet
537 1769 627 1829 dolor
641 1775 671 1828 et
684 1766 837 1844 gaudium.
872 1780 875 1785 ·

431 1902 609 1960 FABULA
621 1901 720 1958 XVIII.

319 1997 451 2060 CANUM
470 1998 607 2061 inanit
627 1999 679 2060 ΑΙ)
700 1997 834 2060 Jovntt.

146 2097 244 2157 Canes
259 2094 376 2172 legatos
392 2098 464 2158 otim
477 2101 589 2160 misere
604 2102 644 2166 ad
659 2100 776 2173 iovem,

102 2179 237 2241 Melioris
251 2181 332 2240 vitae
345 2188 466 2258 tempus
481 2190 598 2243 oratum
613 2198 696 2257 suae,

103 2264 143 2324 Ut
157 2279 227 2325 sese
242 2265 373 2340 eriperet
385 2265 541 2326 hominum
555 2265 754 2338 contumeliis,

103 2347 279 2408 turturibus
294 2347 353 2408 sibi
368 2343 569 2424 conspersum
584 2349 668 2423 quod
681 2362 793 2424 panem
807 2348 914 2409 darent
1046 2422 1049 2427 Ι

102 2429 251 2506 Fimoque
263 2432 343 2507 turpi
358 2426 520 2493 maximam
534 2433 693 2508 explerent
706 2432 825 2494 tamem.
1034 2446 1051 2496 o

102 2513 233 2574 Profecti
249 2521 319 2575 sunt
333 2516 424 2590 legati
438 2531 500 2576 non
515 2517 607 2576 celeri
622 2518 712 2592 pede,
786 2531 790 2537 ’
1132 2514 1136 2519 ’

102 2597 181 2658 Dum
195 2598 319 2659 naribus
334 2607 506 2661 scrutantur
520 2615 623 2660 escam
638 2601 668 2658 in
683 2607 828 2660 stercore.
848 2669 851 2673 ἵ

104 2681 190 2741 Citati
204 2698 266 2742 non
280 2685 480 2759 respondent.
506 2685 568 2743 Vix
582 2685 706 2743 tandem
719 2683 834 2743 invenit

102 2764 166 2826 Eos
180 2765 347 2826 Mercurius
363 2773 393 2826 et
406 2766 542 2837 turbatos
557 2765 696 2828 adtrahit.
789 2832 792 2841 ,

103 2849 178 2911 Tum
193 2863 266 2908 vero
280 2850 395 2910 vultum
409 2849 511 2926 magni
524 2856 561 2910 nt
570 2849 712 2909 viderunt
724 2848 816 2924 Iovis,
1018 2858 1052 2911 to

102 2933 208 2992 Totam
221 2931 361 2992 timentes
376 2941 580 2996 concacarunt
593 2933 720 3009 regiam3

101 3015 243 3092 Propulsi
257 3029 331 3075 vero
347 3017 477 3080 fustibus
493 3020 608 3079 vadunt
620 3019 714 3078 foras.

102 3101 194 3160 Vetat
208 3098 314 3160 dimitti
328 3114 456 3175 magnus
471 3103 541 3162 iilos
554 3102 702 3178 iuppiter.

102 3184 202 3244 Mirati
217 3183 275 3244 sibi
289 3184 407 3258 legatos
422 3198 484 3243 non
497 3185 651 3256 revenias,

102 3267 203 3344 turpe
217 3267 412 3328 aestimantes
426 3267 542 3342 aliquid
556 3264 752 3328 commissum
767 3280 786 3324 a
800 3265 874 3343 suis,
1018 3278 1050 3331 lc
1088 3343 1095 3350 κ

86 3355 88 3358 ’
101 3350 177 3411 Post
189 3351 314 3426 atiquod
328 3357 448 3428 tempus
463 3351 541 3413 alios
556 3347 693 3412 adscribi
704 3348 826 3427 iubent.

97 3434 214 3494 Rumor
223 3435 346 3510 legatos
358 3436 543 3518 superiores
554 3438 711 3521 urentia.
