2326 3810
101 182 123 241 4
358 177 529 239 ΡΗΑΕΒΒΙ
546 176 789 240 FABULARUM

101 331 167 407 Ego
180 330 308 406 primam
321 330 404 406 tollo,
419 330 798 406 nominorqucniam1003
881 273 911 329 Ο
931 350 933 354 ’

102 414 284 489 Secundam,
299 415 373 490 quia
386 431 455 474 sum
468 415 563 488 lortis,
578 414 715 474 tribuetis
729 412 819 484 mihi;

101 496 186 571 Turn,
203 498 276 573 quia
288 499 358 574 plus
372 498 471 571 valeo,
485 512 535 556 me
550 503 695 571 sequetur
708 497 812 566 tertia3

101 581 182 642 Malo
198 582 364 657 adiicietur,
380 581 407 640 si
422 580 491 656 quis
507 585 644 654 quartam
655 579 796 654 tetigerit
1017 587 1051 638 ιο

144 665 195 726 Sic
208 672 302 726 totam
316 662 461 741 praedam
475 663 543 724 sola
556 661 734 739 improbitas
748 661 882 723 abstulit.

452 811 697 872 FABULA'VI.

363 911 516 974 alula
536 911 593 973 ΑΙ)
616 907 777 974 sonan.

143 1028 243 1087 Vicini
257 1028 333 1090 lurIs
347 1031 484 1091 celebres
495 1029 573 1089 vidit
586 1028 708 1102 nuptias

101 1112 246 1186 Aesopus
261 1119 292 1173 et
305 1115 448 1173 continuo
463 1127 586 1171 narrare
600 1110 720 1184 incipit:

142 1194 277 1254 Uxorem
292 1193 517 1270 quondam.Sol
532 1210 625 1269 quum
637 1193 730 1252 vellet
744 1192 866 1263 ducere,

103 1275 272 1337 Clamorem
285 1293 380 1338 ranae
394 1279 545 1339 sustulere
560 1277 600 1337 ad
615 1277 726 1336 sidera.
884 1329 887 1335 ,

102 1356 247 1419 Convicio
262 1366 420 1435 permotus
436 1361 553 1437 quaerit
565 1360 704 1435 Iuppiter
1030 1364 1048 1414 a

54 1442 61 1453 ’
103 1437 234 1501 Causam
249 1445 401 1518 querelae.
433 1443 589 1518 Quaedam
603 1451 667 1504 tum
681 1440 781 1516 stagni
795 1439 913 1499 incola=

101 1521 196 1597 Nunc,
210 1526 315 1601 inquit,
333 1543 439 1588 omnes
453 1543 533 1588 unus
547 1526 647 1587 exurit
659 1526 746 1584 lacus

104 1606 253 1684 Cogitque
267 1610 397 1672 miseras
411 1611 498 1671 arida
510 1610 587 1670 sede
601 1607 706 1669 emori.

104 1689 254 1762 Quidnam
268 1695 402 1755 futurum
416 1702 472 1770 est,
488 1695 516 1755 si
530 1692 640 1754 crearit
652 1691 789 1752 liberos?

450 1842 627 1898 FABULA
646 1842 707 1896 VII.

248 1933 388 1996 VULPES
408 1936 460 1997 AD
482 1933 685 1997 suasorium
705 1930 908 1996 insulcant.

145 2052 311 2111 Personam
324 2052 471 2126 tragicam
485 2051 563 2111 lortc
577 2052 687 2126 vulpes
701 2049 836 2108 viderat=

106 2133 129 2193 0
146 2141 260 2210 quanta
274 2135 407 2210 species,
420 2135 526 2210 inoluit,
542 2134 700 2194 cerebrum
713 2148 774 2192 non
787 2129 895 2195 beben
927 2144 931 2151 ·

144 2219 211 2278 Hoc
225 2218 285 2278 illis
301 2218 415 2279 dictum
429 2218 615 2294 est'quibus
630 2217 779 2278 honorem
793 2220 823 2274 et
836 2212 964 2287 gloriam

102 2300 236 2362 Fortuna
249 2301 361 2377 tribuit,
377 2318 504 2363 sensum
518 2317 709 2364 communem
722 2296 855 2358 abstulit.

439 2453 619 2511 FABULA
637 2455 708 2510 VIII.

375 2545 518 2609 IUPUS
537 2546 592 2609 nr
614 2545 761 2610 sauls,

145 2648 202 2722 Qui
215 2648 346 2724 pretium
360 2647 458 2708 meriti
473 2647 512 2708 ab
526 2647 673 2724 improbis
688 2649 852 2723 desiderat,

102 2731 156 2791 Bis
170 2739 292 2807 peccat:
308 2730 439 2806 primum
454 2731 597 2808 quoniam
610 2732 753 2807 iudignos
768 2732 914 2808 adjuvan

104 2813 236 2890 Impune
248 2813 332 2893 abire
347 2815 459 2875 deinde
474 2814 546 2891 quia
556 2815 623 2891 J'am
636 2831 697 2875 nou
712 2823 825 2892 potest.

146 2896 188 2957 Os
203 2896 382 2978 devoratum
397 2898 486 2956 lance
501 2913 595 2972 quum
608 2898 748 2958 haereret
762 2899 835 2974 lupi,

103 2981 216 3056 Magno
230 2980 339 3041 dolore
351 2980 452 3040 victus
466 2980 568 3056 eoepit
581 2981 719 3054 singulos
1035 2996 1050 3046 5

103 3065 230 3124 Inlicere
243 3063 351 3139 pretio,
365 3063 488 3123 utillud
503 3062 696 3124 extraherent
709 3065 831 3126 malum.

104 3145 237 3206 Tandem
251 3163 402 3223 persuasa
415 3153 463 3207 est
473 3145 544 3222 jure
555 3146 689 3222 jnrando
704 3149 798 3223 gruis,
905 3166 909 3171 ’

104 3227 263 3303 Gulaeque
277 3232 406 3292 credens
421 3231 490 3291 colli
504 3230 732 3306 longitudinem,

102 3309 310 3371 Periculosam
325 3314 396 3375 lecit
409 3316 590 3376 medicinam
603 3315 688 3390 lupo.

104 3394 132 3452 Α
145 3409 207 3469 quc
223 3410 316 3468 quum
331 3404 452 3470 pactum
466 3397 619 3473 flagitaret
632 3395 832 3474 praemium*
1018 3412 1052 3463 lo
